3159 4942
785 253 1003 316 ..52-

415 445 529 524 Heia,
554 444 644 521 viri,
668 446 847 510 nostrum
869 445 1038 509 reboans
1061 445 1156 509 echo
1180 449 1291 509 sonet
1314 445 1423 509 heia!

413 570 566 653 Aequore
590 570 646 633 flet
670 568 787 634 Corus:
813 568 990 633 vocitemus
1014 589 1074 633 nos
1098 569 1318 670 tamenrheia.

329 759 332 764 ,
415 695 618 762 Gonvulsum
641 694 738 760 remis
763 698 893 777 spumet
914 715 1020 760 mare:
1044 716 1105 760 nos
1129 699 1239 761 tamen
1262 697 1349 761 heia.

398 821 559 887 Vocibus
584 819 730 885 adsiduis
754 819 830 884 litus
853 824 998 885 resonet:
1022 822 1133 884 tamen
1156 820 1240 886 heia.

303 1118 305 1125 J
397 1029 467 1093 Hoc
491 1049 631 1106 cannen,
657 1032 694 1093 ut
716 1029 757 1092 sit
773 1027 982 1092 artificiosum
1002 1032 1035 1091 et
1054 1028 1224 1110 posteriori
1239 1028 1493 1092 attribuendum

309 1155 418 1232 aetati,
442 1158 553 1234 tamen
577 1153 798 1218 intercalarios
821 1153 890 1217 eius
914 1154 1031 1217 modos
1059 1153 1217 1234 genuinos
1246 1157 1279 1216 et
1307 1157 1493 1217 nautarum

307 1280 461 1362 operibus
486 1278 671 1361 aptissimos
695 1278 876 1342 habuerim.
923 1278 1046 1342 Eadem
1075 1278 1171 1360 igitur
1201 1278 1290 1361 apud
1314 1279 1493 1342 Romanos

309 1408 408 1488 atque
425 1403 514 1485 apud
534 1403 675 1468 Graecos
699 1402 848 1467 videmus
872 1403 1081 1481 incrementa,
1105 1402 1203 1467 rudes
1219 1403 1291 1467 dico
1308 1402 1494 1497 simplices·

309 1550 373 1613 que
401 1548 509 1607 voces,
541 1548 626 1611 quae
661 1527 821 1609 paulatim
851 1527 984 1592 demum
1013 1526 1211 1609 perfectioris
1243 1526 1321 1591 artis
1347 1528 1493 1591 vinculis

310 1652 561 1733 coniunguntur.

401 1777 491 1842 Idem
507 1777 812 1859 Aristophanes,
838 1763 936 1858 quem
958 1778 994 1840 ut
1016 1776 1097 1840 alios
1114 1776 1253 1841 comicos
1269 1776 1303 1840 in
1318 1764 1493 1859 populari·

310 1905 373 1968 bus
396 1904 493 1968 rebus
510 1903 743 1985 cognoscendis
760 1921 889 1995 summa
906 1902 1098 1966 auctoritate
1114 1922 1185 1966 esse
1206 1904 1272 1966 iam
1287 1904 1493 1985 procedente

311 2031 374 2095 hac
407 2028 626 2110 disputatione
655 2027 884 2104 intelleximus
906 2012 1058 2108 ¹lepidam
1091 2027 1258 2108 quandam
1288 2028 1493 2092 cantilenam

310 2155 405 2220 Pacis
421 2153 569 2218 versibus
592 2153 737 2240 inseruit,
763 2172 830 2236 qua
847 2152 1014 2235 operarios
1038 2172 1118 2216 saxa
1135 2153 1320 2216 sublaturos
1339 2156 1372 2216 et
1389 2152 1493 2218 deam

310 2281 481 2345 molituros
504 2279 625 2343 laboris
649 2279 833 2342 molestiam
857 2278 931 2342 fecit
953 2277 1109 2342 levantes.
1156 2279 1193 2341 ln
1219 2278 1367 2342 versibus
1400 2281 1492 2343 enim

310 2407 387 2472 inde
412 2427 432 2470 a
456 2407 521 2470 459
555 2406 696 2488 primurn
729 2405 899 2487 Trygaeus
929 2408 962 2468 et
984 2404 1161 2468 Mercurius
1190 2407 1222 2468 et
1250 2404 1380 2482 chorus
1414 2425 1493 2469 cum

309 2533 343 2595 in
366 2531 430 2595 dea
453 2530 638 2595 extollenda
669 2529 841 2607 desudent,
858 2529 999 2593 iteratas
1027 2549 1123 2593 voces
1155 2523 1262 2604 ὧεῖα,
1294 2523 1414 2605 ὦεῖα,
1445 2524 1493 2592 εἶα

310 2655 400 2733 μάλα,
426 2650 472 2718 εἷα
494 2657 568 2730 νῦν,
593 2649 640 2718 εἶα
664 2654 690 2717 ὧ
715 2674 789 2718 curn
813 2654 925 2719 labore
948 2654 1102 2719 invicem
1125 2654 1341 2735 coniungunt3
1368 2654 1491 2718 deinde

311 2780 458 2844 confecto
481 2780 548 2844 fere
573 2799 671 2861 opere
695 2780 816 2845 chorus
840 2783 951 2845 cantat
973 2799 1101 2844 versus:

471 2956 908 3041 fflfflmfflw

582 3083 632 3146 καὶ
657 3085 715 3162 μήν
739 3083 822 3162 ὁμοῦ
841 3077 929 3169 η’στιν
953 3084 1022 3162 ἢδη.

502 3206 504 3211 ’
580 3185 620 3287 μή
643 3228 701 3273 νυν
725 3207 861 3288 ἀνῶμεν,
885 3198 951 3272 ἀλλ’
976 3209 1064 3272 ἐπεν-

582 3332 731 3413 τείνωμεν
756 3333 998 3412 ἀνδρικώτερον.
1037 3365 1039 3370 v

491 3519 495 3527 ,
582 3457 640 3535 ἤδη
665 3452 729 3521 ’στὶ
752 3452 840 3522 τοῦτ’
866 3457 976 3522 ἐκεῖνο.

583 3582 609 3646 ὦ
635 3577 682 3646 εἷα
704 3586 773 3659 νῦν,
799 3583 825 3646 ὦ
851 3578 897 3646 εἶα
920 3587 993 3661 πᾶς.

585 3704 1101 3786 &QQQQQQ

585 3829 692 3910 ῶεῖα,
718 3829 774 3910 εἷα,
800 3829 856 3910 εἷα,
882 3829 939 3910 εἴα,
964 3830 1011 3899 εἶα
1034 3839 1106 3913 πᾶς.

404 4052 537 4116 Numeri
569 4056 688 4130 autem,
720 4053 838 4136 quibus
869 4054 988 4117 chorus
1018 4055 1051 4118 in
1082 4056 1194 4119 labore
1218 4076 1355 4121 versans
1379 4057 1489 4133 utitur,

318 4176 410 4240 initio
434 4179 467 4240 et
489 4177 554 4240 fine
578 4177 674 4240 huius
699 4178 816 4242 cantici
840 4179 1014 4260 praecipue
1039 4180 1218 4261 signantur.
1266 4180 1359 4258 Quae
1382 4180 1490 4244 media

315 4305 392 4366 sunt
412 4300 514 4367 verba
529 4300 799 4385 interspirationis
823 4322 923 4369 causa
947 4304 1158 4371 canebantur.
1205 4304 1375 4371 Habemus
1392 4305 1490 4389 igitur
