3159 4942
606 245 824 321 ,39-

291 456 441 518 πλεῑστον
465 454 562 519 οὖλον
586 455 682 520 οὖλον
701 455 751 532 ἵει,
774 455 884 520 ἴουλον
904 456 944 520 ἵει
967 455 1006 538 (c.
1020 479 1052 540 p.
1069 456 1149 545 lB.).

128 623 161 684 p.
187 603 293 666 619b:
323 602 354 664 αἱ
377 605 411 666 δὲ
432 601 533 666 ἴουλοι
555 596 742 682 καλούμεναι
765 606 844 689 ᾡδαί
868 607 1010 685 Δήμητρι
1032 608 1082 670 καὶ
1104 606 1300 697 Περσεφόνῃ

126 727 300 805 πρέπουσι.

126 858 134 880 ““
221 852 345 930 Quibus
368 873 408 918 ex
431 853 538 918 verbis
561 853 861 932 haec-concludere
885 855 974 920 licet:
999 856 1150 922 aCerere
1166 858 1301 923 uberem

129 982 326 1060 proventum
349 999 501 1060 agrorum
525 983 558 1044 et
579 982 699 1046 multos
715 981 901 1064 manipulos
917 982 1058 1047 Graecos
1082 984 1128 1048 ita
1151 988 1300 1067 precatos

133 1122 215 1179 esse,
240 1108 276 1167 ut
298 1103 399 1183 verba
422 1109 590 1171 canerent:
667 1163 668 1167 ,

290 1257 449 1324 Πλεῖστον
474 1259 571 1326 οὖλον
591 1260 640 1337 ἵει,
664 1260 773 1326 ἴουλον
793 1260 862 1325 ἵει.1

218 1407 316 1472 Cuius
340 1428 453 1474 versus
466 1444 505 1454 -
520 1409 713 1475 intercalarii
737 1414 774 1477 ut
796 1412 925 1475 videtur
942 1445 976 1454 —
991 1432 1093 1477 voces
1111 1413 1300 1494 potissimas

132 1530 228 1610 οὖλος
251 1536 284 1598 et
305 1514 413 1612 ἴουλος
436 1535 479 1599 ad
502 1508 606 1600 totam
629 1536 826 1600 cantilenam
844 1536 1093 1617 significandam
1107 1556 1179 1601 csse
1195 1540 1301 1602 trans-
1367 1524 1369 1527 ’

129 1656 224 1722 latas.

220 1780 316 1859 Quod
341 1782 383 1845 ad
406 1785 546 1847 metrum
569 1783 654 1847 iliius
678 1803 790 1848 versus
821 1784 946 1861 attinet,
977 1784 1099 1849 Frider.
1124 1785 1199 1850 Leo
1228 1786 1249 1849 l.
1273 1805 1299 1849 s,

127 1927 160 1988 p.
176 1906 217 1970 m
241 1905 342 1970 verba
365 1906 410 1970 sic
423 1907 606 2001 disposuit:

289 2056 448 2122 Πλεῖστον
472 2058 569 2122 οὖλον
593 2057 690 2125 οὖλον
713 2059 763 2135 ἵει,

285 2182 393 2248 ἴουλον
413 2183 463 2248 ἵει.

219 2349 266 2412 Ac
297 2352 391 2432 putat
414 2349 546 2431 quidem
576 2349 628 2413 hic
659 2348 800 2431 speciem
831 2350 1046 2432 antiquissimi
1076 2351 1160 2416 illius
1191 2350 1299 2415 brevis

128 2492 241 2536 versus
266 2493 434 2555 apparere,
460 2474 550 2537 cuius
573 2493 727 2537 mensura
751 2476 907 2555 quattuor
936 2474 1068 2556 syllabis
1095 2476 1200 2557 longis
1223 2495 1300 2539 con-

126 2594 299 2661 tinebatur.
348 2597 444 2675 Quod
471 2598 545 2662 etsi-
559 2617 626 2662 non
653 2598 790 2680 denego,
820 2602 932 2663 tamen
966 2618 1111 2677 caveam,
1147 2620 1188 2665 ne
1223 2601 1299 2664 inde

126 2721 225 2784 nimis
256 2722 333 2786 certi
364 2718 442 2805 quid
478 2722 683 2787 constituam.
729 2723 817 2787 Nam
851 2727 976 2788 veteres
1000 2725 1203 2806 grammatici
1232 2745 1299 2789 non

125 2849 202 2910 tam
227 2847 339 2910 formis
370 2846 531 2929 primariis
559 2849 592 2910 et
626 2847 774 2928 genuinis
808 2867 908 2931 quam
942 2849 1116 2913 verborum
1155 2849 1299 2931 singula-

110 2944 217 3033 ·‘ribus
241 2970 440 3051 argumentis
464 2971 592 3035 animos
614 2967 859 3036 intendebant.²

215 3093 422 3178 Quapropter
453 3095 487 3159 in
515 3099 620 3159 metro
650 3097 877 3161 constituendo
905 3097 1055 3171 cautione
1085 3097 1131 3160 uti
1160 3102 1298 3180 oportet.

126 3220 191 3284 Sed
216 3224 321 3284 certos
343 3240 497 3284 numeros
512 3221 605 3286 facile
622 3241 798 3302 cognosces
813 3223 847 3286 in
864 3223 973 3287 verbis
990 3224 1052 3287 illis
1069 3225 1112 3288 ab
1128 3225 1299 3288 Athenaeo

126 3344 262 3409 traditis.
295 3332 344 3409 'Ac
367 3344 534 3426 putaveris
557 3345 609 3411 hic
632 3366 699 3410 non
722 3347 922 3430 rhythmicas
945 3351 1073 3412 tantum
1095 3350 1299 3432 precationes

119 3473 263 3545 exstare,
300 3470 358 3533 sed
386 3469 547 3552 quasdam
575 3471 715 3552 operarii
744 3452 861 3535 cantici
892 3473 1057 3555 reliquias.
1104 3473 1200 3551 Quod
1228 3473 1298 3537 aliis

126 3594 331 3659 documentis
357 3594 577 3658 confirmatur.

127 3743 339 3751 ———.

217 3819 224 3851 ¹
244 3822 275 3875 V.
294 3823 398 3890 Bergk
417 3824 446 3876 P.
459 3824 489 3877 L.
503 3824 548 3878 Gr.
563 3820 621 3888 111⁴,
641 3841 667 3891 p.
682 3824 750 3887 654;
770 3823 969 3877 Eustathius
981 3841 1007 3893 p.
1023 3825 1090 3877 116⁰)
1103 3824 1177 3878 hunc
1189 3841 1298 3878 versum

124 3919 245 3975 referens
263 3920 437 3976 Athenaeum
456 3910 595 3978 auctorem
614 3927 721 3978 secutus
740 3927 788 3975 est.

216 4020 325 4085 ¹Quod
352 4025 379 4074 et
404 4039 420 4076 a
446 4021 517 4075 Frid.
530 4008 593 4074 Leo
612 4021 629 4074 1.
643 4038 663 4074 s.
683 4020 851 4074 conceditur:
878 4021 929 4072 Dic
951 4018 1136 4086 priechiochen
1156 4019 1298 4071 Gelchrteu

125 4116 213 4167 huben
234 4115 401 4170 Volkslicdcr
418 4134 474 4170 nur
491 4119 538 4169 dea
556 4117 664 4169 Inholta
681 4135 769 4184 νουσιν
788 4118 830 4168 uls
842 4118 922 4184 Βοῖος
939 4119 990 4183 fiir
1003 4117 1144 4169 Gcbrauch
1161 4119 1220 4169 und
1234 4118 1298 4171 Siue

125 4215 284 4281 capescere,
303 4215 379 4268 nicht
396 4217 455 4267 weil
466 4217 548 4268 ihncn
560 4217 604 4267 die
620 4216 872 4283 Uropnunpiichkeit
883 4217 933 4267 der
946 4216 1031 4268 Fom
1043 4215 1163 4267 odoratio
1175 4215 1299 4267 Nnivetitt

124 4317 174 4368 der
192 4315 377 4383 Empflnduny
395 4315 534 4382 nahcqinp.
