3159 4942
634 254 851 316 ,19-

153 451 251 514 aliam
274 453 349 530 post
373 449 471 513 aliam
494 449 680 513 examinare
715 451 748 512 et
782 467 883 529 quam
916 447 1057 511 maxime
1092 448 1243 529 supplere
1274 448 1324 510 in·

152 570 336 657 cipiamus.1
580 558 584 566 ⁸

242 698 354 781 ltaque
378 698 519 779 primum
542 697 590 760 de
613 696 776 759 himaeo
800 698 948 758 nostrum
971 698 1021 758 est
1045 695 1221 775 disputare.

242 824 293 888 Ad
317 823 553 888 cantilenarum
581 842 682 904 genus
706 842 785 886 voce
810 820 910 898 ἱμαῖος
938 821 1155 903 significatum
1185 821 1325 885 duorum

151 949 283 1012 testium
306 948 407 1011 verba
431 947 473 1011 ab
497 947 668 1055 hthenaeo
692 947 795 1010 relata
817 950 906 1010 sunt:
931 947 980 1008 καὶ
997 947 1082 1028 ᾠδῆς
1097 947 1131 1008 δὲ
1147 944 1324 1022 ὀνομασίας

39 1084 42 1089 “
151 1073 311 1147 καταλέγει
334 1072 353 1134 ὁ
376 1068 559 1150 Τρύφαινὶ
582 1071 693 1134 τάσδε·
724 1071 825 1148 ἱμαῖος
848 1072 867 1147 ἡ
891 1071 1049 1148 ἐπιμύλιος
1072 1071 1256 1148 καλουμένη,
1285 1070 1323 1147 ἣν

151 1198 237 1275 παρὰ
260 1198 337 1274 τοὺς
360 1196 492 1273 ἀλέτους
514 1197 602 1278 ᾖδον,
626 1193 708 1273 ἴσως
724 1195 788 1258 ἀπὸ
813 1199 869 1273 τῆς
893 1194 1039 1273 ἱμαλίδος,
1064 1198 1097 1258 et
1112 1195 1210 1276 paulo
1226 1195 1325 1258 infra:

152 1315 452 1399 ’hproropoirqg³
483 1315 511 1382 δ’
544 1319 578 1384 ἐν
602 1314 755 1397 Ἀττικαῖς
782 1335 864 1397 φησι
892 1318 1015 1385 Λέξεσι·
1044 1317 1145 1395 ἱμαῖος
1176 1320 1242 1403 ᾠδὴ
1270 1339 1324 1396 μυ-

150 1448 300 1522 λωδράιν.
347 1444 469 1507 Eadem
497 1443 612 1506 Pollux
640 1441 694 1524 (IV
718 1438 787 1522 53),
824 1442 1028 1505 Bachmanni
1059 1443 1198 1507 Lexicon
1228 1440 1266 1523 (s.
1292 1463 1322 1506 ν.

151 1565 276 1647 ἱμαῖος),
301 1568 490 1632 Eustathius
514 1565 558 1649 (p.
579 1569 674 1645 1885,
699 1568 741 1630 83
766 1562 852 1648 sqq.)
875 1566 1088 1630 tradiderunt.

120 1708 126 1733 ι
241 1685 353 1768 Ἱμαῖος
376 1691 473 1772 igitur
495 1691 632 1755 molaria
648 1690 700 1755 hic
716 1690 834 1754 dicitur
849 1689 1020 1754 cantilena.
1060 1690 1160 1773 Atqui
1176 1690 1217 1755 de
1234 1691 1324 1755 verhi

152 1817 254 1894 ἱμαῖος
277 1816 385 1880 radice
416 1816 571 1898 cogitanti
600 1816 679 1880 illud
710 1813 789 1892 ἱμάω
821 1814 910 1879 venit
939 1815 972 1877 in
1002 1817 1155 1893 mentem,
1187 1836 1252 1899 quo
1284 1839 1325 1882 ex

152 1946 251 2025 puteo
275 1962 397 2024 aquam
413 1941 631 2006 haurientium
644 1942 732 2009 actio
748 1934 966 2005 describitur.4
1012 1942 1125 2025 ltaque
1140 1963 1208 2006 non
1223 1943 1324 2025 pisto-

150 2087 234 2144 rum,
251 2067 309 2132 sed
326 2070 521 2149 aquatorum
538 2068 733 2132 cantilenam
749 2087 829 2132 voce
853 2064 954 2144 ἱμαῖος
977 2067 1118 2148 primurn
1134 2068 1325 2133 denotatam

149 2214 221 2258 esse
244 2193 489 2258 existimaveris,
536 2193 629 2271 Quae
653 2193 838 2257 coniectura
868 2194 1025 2275 probatur
1051 2194 1245 2259 scholiastae
1277 2194 1320 2258 ad

153 2319 320 2402 Aristoph.
344 2318 580 2385 Ran.v.1aur
610 2318 672 2382 hac
703 2319 927 2383 adnotatione:
959 2320 1093 2381 καλεῖται
1120 2317 1157 2380 τὸ
1181 2317 1278 2399 ᾆσμα,
1303 2317 1322 2379 δ

151 2444 285 2527 ᾄδουσιν
309 2442 339 2507 οἱ
362 2442 518 2521 ἀντληταί,
550 2442 661 2521 ἱμαῖον.
709 2442 949 2522 Καλλίμαχος·
982 2441 1074 2505 ἀείδει
1104 2442 1153 2504 καὶ
1183 2442 1246 2506 πού
1277 2463 1324 2520 τις

151 2569 230 2648 ἀνὴρ
247 2568 404 2646 δδατηγὸς
420 2568 532 2646 ἱμαῖον.
568 2568 767 2647 Callimachi,
785 2569 841 2650 qui
851 2568 903 2631 hic
916 2568 1041 2646 citatur,
1058 2587 1171 2632 versus
1181 2567 1323 2632 Hecatae

152 2695 298 2777 quodam
321 2694 504 2776 fragmento
534 2695 568 2758 in
596 2695 704 2775 lignea
733 2694 847 2758 tabula
876 2695 984 2776 quarti
1007 2715 1038 2776 p.
1056 2693 1131 2758 Chr.
1148 2714 1180 2758 n.
1204 2695 1324 2760 saeculi

150 2821 305 2903 inscripto
335 2821 478 2885 recurrit.
525 2819 682 2885 Conferas
709 2819 771 2883 Th.
789 2819 988 2902 Gumperz,
1019 2818 1092 2883 Aur
1119 2819 1175 2883 der
1199 2816 1324 2884 Samm-

150 2946 228 3028 lunp
257 2946 313 3010 der
343 2946 493 3029 Ραρρναο
516 2944 700 3026 Errherrop
729 2943 863 3021 Raiucr,
895 2948 973 3009 tom.
998 2945 1049 3024 Vl,
1079 2966 1110 3028 p.
1131 2944 1194 3022 18,
1212 2946 1267 3010 ubi
1290 2946 1324 3009 in

152 3072 212 3136 col.
230 3071 271 3134 IV
294 3072 370 3136 inde
395 3091 415 3135 a
438 3092 468 3135 v.
487 3072 529 3134 10
552 3071 634 3136 haec
656 3073 823 3154 leguntur:

256 3250 467 3328 καδδραδέτην
491 3243 520 3312 δ’
544 3248 582 3313 οὐ
606 3250 725 3314 πολλὸν
748 3249 799 3312 ἐπὶ
821 3247 977 3330 χρὸν[ον,]
1002 3242 1082 3326 αἶψα
1104 3248 1164 3326 γὰρ
1187 3246 1284 3326 ἦλθεν

261 3375 397 3452 στιβήεις
420 3373 591 3455 ἀγχουρος·
619 3368 689 3450 ,,ῖτ’,
713 3373 817 3437 οὐκέτι
840 3376 938 3454 χεῖρες
961 3373 1092 3451 ἔπαγροι

242 3548 251 3579 ¹
270 3549 362 3616 Neque
381 3553 474 3602 tamen
494 3514 599 3602 con'stat
618 3548 710 3600 omnia
729 3548 915 3616 operariorum
924 3564 1012 3614 opera
1031 3546 1151 3600 numeris
1171 3546 1324 3601 carminum

149 3647 318 3701 convenisse.
356 3648 396 3702 Τά
421 3653 480 3702 τιῖιν
506 3649 646 3715 στήμονας
670 3650 874 3714 διακρινουσών
899 3649 1028 3715 (usupra
1047 3665 1073 3715 p.
1088 3648 1129 3712 17)
1155 3648 1223 3713 ἔργα
1249 3651 1324 3700 certa

149 3753 227 3803 erant
246 3749 382 3815 ἄρρυθμα.

149 3843 152 3846 ’
240 3850 251 3883 ²
269 3845 301 3899 A.
312 3863 337 3900 v.
348 3847 479 3912 Velsen‚
490 3848 643 3917 Tryphonis
653 3847 849 3916 grammAlex.
860 3847 1020 3915 fragmenta,
1032 3847 1119 3901 Berol.
1133 3846 1208 3910 1853,
1219 3845 1252 3900 fr.
1263 3845 1323 3898 113.

240 3949 251 3980 ³
269 3943 300 3998 A.
320 3944 443 4010 Nauck,
462 3944 542 3999 Arist.
557 3946 617 4015 Byz.
632 3946 835 4013 grammatica.
849 3946 1009 4014 fragmenta,
1028 3944 1107 3999 Halle
1128 3944 1203 4007 1848,
1222 3961 1248 4012 p.
1265 3944 1323 3997 118.

240 4046 249 4076 ⁴
268 4042 380 4095 Bachm.
393 4043 460 4096 Lex:
481 4041 544 4108 ἱμᾶν
567 4042 609 4096 καὶ
633 4043 713 4108 ἱμεὶν·
734 4042 795 4097 ἀντὶ
813 4048 865 4097 τοῦ
878 4045 995 4097 ἀντλεῖν.
1033 4042 1094 4096 Ath.
1106 4041 1174 4106 VIll,
1197 4058 1223 4109 p.
1233 4042 1322 4093 scra:

149 4138 182 4190 ἐν
200 4136 294 4207 Πέλλῃ
315 4140 346 4191 δέ
364 4140 435 4206 πρὸς
455 4139 563 4205 φρέαρ
582 4139 752 4205 προσελθὼν
770 4137 920 4205 ἠρώτησεν
940 4137 962 4192 εἰ
980 4138 1100 4203 πότιμόν
1113 4139 1196 4192 ἐστιν.
1234 4137 1324 4192 εἰπόν·

148 4222 215 4287 των
229 4235 260 4286 δὲ
278 4238 338 4287 τῶν
357 4234 515 4300 ἱμώντων
536 4235 628 4305 ,ἡμεῖς
645 4252 677 4300 γε
695 4239 782 4290 τοῦτο
801 4233 944 4299 πίνομεν“,
967 4235 1034 4302 ,οὐκ
1047 4235 1100 4300 ἀρ’,
1120 4235 1185 4302 ἔφη,
1204 4234 1324 4299 πότιμόν

58 4387 60 4391 ,
150 4333 252 4388 touch
