3159 4942
773 255 969 316 -g..

285 456 347 515 tur.
395 450 468 527 Qua
491 451 524 513 in
547 470 582 513 re
605 447 757 513 Preussio
782 451 950 514 assentiar.
998 451 1062 515 Sed
1087 451 1120 514 in
1144 452 1366 533 operariorum
1382 472 1460 517 can-

177 560 182 571 ’
285 578 356 641 ticis
389 578 430 641 ab
466 576 589 657 origine
621 574 823 638 deducendis
857 571 1026 638 Preussius
1058 596 1079 639 a
1114 575 1167 641 via
1201 576 1392 640 brevissima
1426 579 1461 639 et
1566 640 1568 645 ,

287 702 549 771 commodissima
573 700 742 764 aberrasse
770 699 850 762 mihi
874 699 1011 763 videtur.
1057 699 1286 777 proficisciturv
1300 700 1387 763 enim
1416 700 1459 764 ab

286 826 494 909 opinionibus
517 828 551 887 et
566 822 849 904 superstitionibus
868 823 1063 890 incultorum
1089 822 1269 899 hominum,
1294 823 1350 905 qui
1367 826 1459 886 -ut

203 1018 206 1023 .
285 951 395 1014 multis
419 949 551 1031 agnosci
574 951 669 1031 putat
691 948 847 1030 exemplis
867 983 904 993 -
922 949 956 1011 in
973 966 1090 1010 vocum
1112 951 1145 1011 et
1168 948 1347 1011 clamorum
1370 949 1460 1012 omni

287 1096 404 1157 genere
420 1075 583 1155 magicum
600 1073 768 1156 quoddam
783 1073 913 1159 pondus
937 1092 1058 1154 ponere
1075 1073 1210 1136 soleant.
1250 1071 1332 1135 Cum
1348 1075 1459 1136 autem

286 1200 422 1264 verbum
438 1197 572 1292 rudibus
588 1198 716 1279 populis
733 1198 828 1280 quasi
847 1197 969 1265 idolum
994 1199 1036 1261 sit
1050 1196 1106 1274 rei,
1130 1197 1195 1261 iam
1214 1197 1459 1260 enumeratione

286 1343 401 1388 earum
423 1342 541 1399 rerum,
565 1321 734 1403 inquibus
757 1322 945 1388 laborantes
961 1326 1139 1398 versentur,
1164 1340 1215 1384 res
1236 1322 1323 1403 ipsas
1340 1320 1459 1384 arcessi

286 1449 388 1531 ipsius
416 1447 536 1511 laboris
559 1447 780 1512 levamentum
804 1446 928 1531 appeti:
959 1445 1005 1509 ita
1028 1446 1250 1527 operariorum
1281 1444 1459 1509 cantilenas

286 1578 357 1636 esse
382 1576 479 1636 ortas.
521 1567 648 1645 Quibus
671 1571 704 1632 in
720 1571 888 1634 sententiis
911 1590 1085 1634 causarum
1101 1571 1249 1634 ordinem
1264 1569 1460 1633 mutandum

286 1717 358 1760 esse
388 1696 577 1760 censuerim.
633 1695 786 1771 Vocibus,
822 1695 1032 1772 clamoribuS,
1064 1695 1195 1759 canticis
1225 1698 1295 1759 tum
1326 1695 1460 1757 demum

287 1822 416 1902 magica
439 1820 487 1883 vis
511 1819 671 1895 tribuitur,
697 1839 771 1884 cum
787 1819 953 1900 cognitum
976 1821 1035 1895 est,
1060 1821 1220 1901 quantum
1243 1819 1276 1882 in
1292 1816 1460 1883 laboribus

289 1945 496 2011 conficiendis
519 1945 660 2008 valeant.
707 1943 963 2026 Antiquissimae
980 1944 1202 2024 operariorum
1219 1943 1399 2007 cantilenae
1416 1943 1460 2006 ad

287 2072 435 2135 laborum
459 2073 567 2133 motus
590 2073 623 2132 et
646 2069 799 2150 strepitus
830 2088 863 2131 se
895 2068 1095 2150 applicantes
1125 2067 1314 2150 rhythmum
1344 2068 1460 2133 efferre

287 2197 387 2260 etita
410 2215 544 2277 operam
566 2195 712 2257 minuere
743 2193 884 2257 student.
931 2193 1022 2256 Haec
1043 2192 1203 2255 Buecheri
1232 2193 1380 2256 doctrina
1409 2213 1461 2256 re-

286 2321 422 2385 tinenda
445 2321 574 2399 videtur
597 2339 704 2401 neque
728 2339 747 2383 a
770 2317 923 2381 Preussio
947 2318 1125 2398 corrigitur.

375 2445 496 2510 Eorum
532 2447 657 2520 autem,
694 2462 779 2524 qnae
814 2441 950 2505 Carolus
977 2441 1125 2504 Buecher
1163 2440 1204 2504 de
1241 2441 1459 2507 universae

286 2551 570 2654 poeseos'origine
594 2569 689 2632 docte
713 2572 746 2630 et
768 2568 935 2648 ingeniose
959 2566 1101 2648 protulit,
1126 2566 1190 2629 alia
1213 2567 1460 2648 comprobanda

287 2696 352 2761 alia
374 2693 537 2760 reicienda
561 2713 631 2757 esse
655 2688 832 2756 videntur.¹
878 2692 963 2755 Nam
993 2694 1029 2754 ut
1060 2691 1275 2755 concedamus
1305 2692 1459 2755 metricae

287 2825 319 2885 et
343 2821 487 2884 musicae
518 2820 596 2883 artis
627 2819 812 2882 rudimenta
845 2818 887 2882 ad
918 2821 1022 2881 certas
1052 2822 1085 2881 et
1115 2818 1268 2899 aequales
1297 2817 1459 2881 motiones

285 2946 355 3008 iure
378 2944 533 3021 revocari,
558 2946 595 3006 ut
611 2943 828 3008 concedamus
844 2943 944 3006 etiam
958 2942 1086 3006 illarum
1105 2943 1287 3007 motionum
1301 2942 1459 3024 plurimas

286 3070 320 3132 in
343 3069 441 3132 variis
457 3069 614 3133 faciendis
631 3068 783 3149 operibus
799 3087 895 3149 posse
911 3066 1050 3143 evenire,
1075 3067 1137 3130 hoc
1152 3069 1264 3130 tamen
1279 3065 1459 3130 deliberare

286 3195 415 3274 oportet
437 3211 504 3256 non
528 3192 634 3255 solum
656 3191 690 3254 in
713 3210 859 3272 operum,
891 3192 950 3256 sed
973 3191 1072 3255 etiam
1101 3191 1239 3255 aliarum
1268 3210 1376 3255 rerum
1399 3210 1459 3255 na·

288 3322 363 3382 tura
388 3321 575 3383 constantes
598 3318 669 3382 illos
692 3336 846 3380 numeros
871 3337 1038 3399 apparere.
1087 3317 1181 3381 Velut
1204 3318 1269 3380 iam
1298 3317 1396 3398 guttis
1419 3335 1461 3381 ex

285 3444 404 3525 tegulis
429 3443 624 3506 stillantibus
647 3446 680 3505 et
702 3442 802 3505 maris
825 3443 923 3506 undis
947 3443 989 3506 ad
1012 3443 1087 3506 litus
1105 3443 1249 3525 appulsis
1273 3446 1361 3506 certa
1376 3445 1459 3505 tem·
1479 3482 1483 3489 -

289 3568 377 3650 poris
401 3567 570 3630 intervalla
594 3569 790 3630 statuuntur.
838 3566 1033 3630 Cuculorum
1062 3587 1159 3649 porro
1190 3570 1222 3630 et
1249 3568 1459 3631 lusciniarum

287 3747 499 3755 ,-------

312 3864 315 3868 ·
376 3850 386 3882 ¹
405 3852 435 3905 V.
449 3852 572 3906 Liternr.
585 3852 769 3906 Zcutrulblutt
784 3852 860 3915 1897,
873 3868 900 3919 p.
913 3852 965 3904 495
971 3871 978 3915 3
999 3852 1078 3905 Conr.
1092 3853 1313 3916 Brachmann,
1332 3855 1462 3911 Berliner

282 3952 382 4021 philol.
403 3951 616 4016 Woclrcusclrrr'st
635 3951 711 4015 1900,
737 3968 763 4019 p.
781 3951 824 4014 54,
850 3956 876 4004 et
895 3950 1011 4014 Poetilr.
1025 3951 1113 4005 Berol.
1135 3951 1210 4015 1898,
1237 3969 1263 4019 p.
1284 3954 1325 4016 93,
1352 3954 1383 4005 31
1406 3971 1459 4023 sq.;

286 4048 376 4101 Udalr.
396 4048 430 4101 de
449 4048 933 4113 Wilamowitz-Moellendorff‚
954 4049 1088 4104 Deutscbe
1106 4050 1360 4118 litteraturzeitung
1381 4051 1459 4116 1900,

287 4164 313 4215 p.
326 4147 374 4210 91;
393 4147 456 4200 Em.
471 4147 599 4209 Grosse‚
620 4147 781 4212 Zeitsclrrift
797 4148 848 4214 fur
860 4149 1140 4223 Soziulwisscnscbuft
1159 4150 1236 4211 1900,
1255 4166 1282 4217 p.
1295 4149 1360 4211 311;
1380 4148 1461 4220 Hugo

285 4245 301 4297 J
305 4245 440 4309 urenlra,
461 4245 590 4302 thtscbr.
604 4247 625 4311 f.
640 4246 665 4300 d.
681 4250 777 4303 dsterr.
793 4245 962 4318 Gynrnusicn
983 4246 1058 4310 1900,
1078 4263 1103 4317 p.
1117 4246 1177 4299 993.

685 4354 694 4383 l
