3159 4942
628 277 826 339 ..3-

139 473 288 537 Chironis
321 473 497 554 discipulus
527 477 560 536 et
582 473 750 536 Musarum
785 473 879 537 donis
912 478 988 537 ante
1022 474 1102 538 alios
1134 476 1311 556 praeditus

140 597 232 674 Quae
255 598 307 661 ille
331 597 364 661 in
377 599 525 663 'tentorio
550 619 609 664 suo
634 597 852 680 componebat
876 620 942 664 non
966 600 1072 662 minus
1096 598 1189 663 erant
1212 600 1313 681 polita

139 742 240 804 quarn
270 724 444 788 artificiosa
474 724 735 789 citharoedorum
766 720 938 788 carmina¹
983 724 1077 788 Talia
1105 725 1249 789 carmina
1277 729 1312 789 ut

140 847 302 928 gradatim
338 849 576 912 efflorescerent
610 869 650 912 ex
684 849 745 912 illis
775 848 973 930 primordiis
1010 849 1129 930 quibus
1163 849 1312 913 homines

52 976 58 991 ⁸
138 975 284 1053 agrestes
315 976 414 1055 atque
445 974 605 1056 simplices
634 976 685 1039 vel
712 975 874 1039 maiorum
901 975 953 1037 vel
981 992 1058 1037 suas
1087 974 1232 1054 ipsorum
1259 993 1311 1037 res

137 1097 304 1177 praeclare
336 1098 444 1176 gestas
475 1097 598 1162 incerta
629 1117 707 1162 voce
737 1098 933 1174 laudabant,
967 1117 1124 1178 magnum
1156 1099 1311 1179 temporis

138 1221 281 1303 spatium
301 1221 520 1285 intercessisse
542 1240 675 1284 necesse
691 1226 750 1285 est.
781 1214 879 1298 'Quae
895 1222 1105 1303 respicientes
1120 1223 1153 1285 in
1170 1225 1311 1286 aetatem

138 1346 349 1409 subducimur
364 1347 467 1410 multo
488 1345 707 1427 antiquiorem
722 1366 823 1427 quam
839 1367 924 1429 quae
940 1366 1103 1410 annorum
1118 1347 1224 1411 modis
1247 1352 1311 1410 ter-

137 1471 254 1535 minari
277 1470 389 1551 possit.
434 1469 593 1534 Homines
609 1473 720 1533 autem
736 1469 850 1544 cultus
876 1468 1073 1550 disciplinae,
1098 1470 1311 1534 humanitatis

66 1684 71 1695 .
136 1595 326 1658 muneribus
349 1595 497 1660 nondum
520 1594 686 1677 praeditos
710 1595 776 1658 iam
800 1613 840 1658 ea
863 1598 933 1658 arte
956 1595 1130 1677 praecipue
1147 1596 1309 1674 delectari,

136 1739 203 1801 qua
226 1738 278 1781 res
301 1719 433 1784 mirifice
463 1723 574 1800 gestae
602 1720 695 1800 epico
724 1720 870 1800 quodam
897 1719 997 1783 modo
1020 1725 1213 1784 enarrentur
1236 1740 1310 1784 cum

136 1845 191 1908 alii
214 1867 279 1911 nos*
298 1847 415 1911 docent
438 1851 509 1910 tum
532 1847 687 1910 Ernestus
712 1846 854 1910 Grosse
878 1847 911 1910 in
934 1846 1025 1925 libro,
1057 1866 1155 1928 quem
1183 1847 1309 1928 scripsit

136 1970 177 2034 de
202 1972 279 2035 artis
302 1972 466 2053 principiis
474 1969 496 2049 ²,
520 1991 587 2035 non
610 1970 723 2052 paucis
747 1971 939 2034 testimoniis
963 1972 1110 2035 illustrat.

224 2092 290 2160 Sed
305 2116 373 2160 non
389 2097 559 2174 habemus
585 2096 674 2178 quod
698 2096 769 2160 aliis
786 2116 917 2180 quoque
942 2097 1019 2160 artis
1047 2098 1193 2180 poeticae
1211 2118 1309 2179 gene-

134 2220 223 2284 ribus
247 2219 389 2285 Graecos
413 2220 656 2304 antiquissimos
679 2220 799 2284 favisse
822 2216 1006 2301 negemus.3
1051 2221 1143 2299 Quae
1167 2223 1309 2287 sentiant

134 2344 283 2409 homines
307 2345 491 2428 quibusque
522 2345 705 2408 animorum
732 2345 875 2408 motibus
906 2345 1089 2410 afficiantur
1120 2366 1160 2409 eo
1190 2366 1307 2410 vocum

131 2473 230 2533 cantu
253 2457 451 2551 exprimitur,
477 2490 574 2562 quem
597 2469 731 2552 lyricum
758 2469 864 2532 dicere
888 2469 1040 2535 solemus,
1075 2469 1106 2532 A
1128 2470 1186 2533 tali
1210 2471 1304 2535 affec·

130 2598 224 2658 tuum
247 2593 453 2676 propriorum
477 2593 692 2675 descriptione
716 2594 799 2675 epici
822 2597 939 2675 poetae
963 2594 1128 2674 ingenium
1151 2595 1225 2657 licet
1248 2596 1305 2658 ab·

131 2716 304 2793 horruerit,
329 2719 440 2779 tamen
463 2682 642 2779 Homerum
666 2716 731 2779 iam
754 2717 885 2780 novisse
909 2717 987 2780 illud
1016 2737 1119 2798 genus
1142 2718 1305 2800 poeticum

131 2840 245 2923 paucis
268 2841 347 2904 locis
370 2825 553 2905 indicatur.¹

221 2966 257 3029 In
269 2966 401 3030 Achillis
419 2966 506 3030 enim
521 2967 613 3049 clipei
626 2967 806 3031 simulacris
823 2967 1044 3032 describendis
1056 2989 1169 3033 eorum
1186 2990 1306 3052 agmen

36 3087 42 3098 ¹
131 3090 320 3171 explicatur,
345 3088 401 3171 qui
416 3089 574 3153 fructibus
591 3089 748 3154 demessis
772 3095 804 3154 et
825 3093 986 3173 perceptis
1008 3093 1141 3156 domum
1167 3095 1305 3158 redeunt

130 3213 177 3296 (ll.
195 3216 220 3277 Σ
237 3215 301 3278 569
318 3234 389 3297 sqq.
408 3210 459 3294 Ll:

291 3379 394 3440 τοῖσιν
419 3371 446 3438 δ’
471 3376 504 3439 ὲν
529 3377 679 3453 μέσσοισι
702 3377 775 3454 πάις
799 3377 949 3457 φόρμιγγι
971 3379 1064 3462 λιγείῃ

292 3500 413 3580 ἱμερόεν
437 3501 583 3580 κιθάριζε,
608 3502 712 3567 λίνον
736 3497 763 3565 δ’
788 3503 852 3567 ὑπὸ
876 3505 973 3568 καλὸν
996 3504 1078 3569 ἄειδε

130 3626 344 3633 -ῄ-

101 3753 105 3762 ⁹
222 3686 231 3717 ¹
251 3686 289 3740 Cf.
305 3686 382 3740 Otto
397 3649 509 3752 Seecli,
524 3689 580 3743 xDie
591 3688 797 3754 Entwr'clceluag
809 3690 858 3740 der
870 3689 986 3759 ontilcea·
995 3690 1303 3758 Geschichtschreibung,

129 3774 222 3828 Berlin
238 3776 314 3839 1898,
334 3793 360 3843 p.
374 3778 390 3829 3
409 3792 467 3843 sqq.

220 3872 231 3904 ²
250 3876 302 3926 Die
320 3876 448 3941 Aaftlape
466 3877 515 3926 der
532 3878 633 3942 Koust,
652 3892 677 3942 p.
691 3876 744 3928 clu
762 3893 818 3944 sqq.

220 3971 317 4023 ³Sunt
342 3972 394 4041 qui¹
414 3978 541 4026 censeant
566 3978 626 4040 post
651 3973 758 4041 epicum
784 3975 896 4026 demum
930 3978 1034 4027 ceteros
1064 3974 1177 4027 canendi
1207 3976 1303 4028 modos

129 4071 203 4119 ortos
222 4083 288 4120 esse.
326 4068 365 4122 ul.
385 4069 558 4134 El'venich,
583 4071 623 4124 De
648 4071 793 4137 generibus
817 4075 844 4123 et
870 4070 1002 4125 aetatibus
1021 4069 1110 4140 poesis
1129 4071 1300 4137 Graecorum,

94 4188 96 4191 ·
129 4165 223 4231 Progr.
248 4164 339 4217 Ditren
359 4162 449 4228 ‘1859;
490 4165 558 4220 Guil.
579 4167 700 4233 Christ,
732 4168 826 4223 Gesclr.
854 4170 879 4223 d.
903 4171 1003 4236 griech.
1024 4170 1190 4235 Litcrutar⁴‚
1219 4188 1244 4237 p.
1271 4173 1300 4233 5;

128 4262 226 4314 Joann.
240 4262 351 4327 Flach,
373 4262 466 4318 Geoch.
479 4264 505 4320 d.
518 4266 615 4334 griech.
629 4266 728 4335 Lprrlc,
747 4285 773 4334 p.
787 4268 803 4321 2
818 4284 875 4339 sqq.
886 4267 963 4321 alios,
1002 4269 1042 4323 Ad
1061 4267 1211 4324 Homerum
1230 4273 1302 4326 certe

128 4364 225 4416 testem
243 4360 286 4414 his
304 4377 451 4431 provocare
470 4379 525 4415 non
544 4363 614 4418 licet.
