3159 4942
577 256 705 339 ..¹27
755 287 795 295 ..

183 444 280 510 Duas
303 447 340 510 de
362 447 448 511 telles
463 447 648 524 coacturus,
672 449 698 511 u
712 444 792 512 n'est
801 467 867 527 pas
886 448 1053 511 temeratrc
1069 447 1106 511 cle
1120 465 1270 526 suppeser

93 589 153 647 que
177 569 211 632 lu
233 570 373 646 metoche,
398 571 455 634 elle
479 571 577 646 aussi,
603 577 649 635 est
671 593 717 635 αα
739 576 819 635 reste
843 572 880 634 dc
904 568 1092 653 l’unthuite'.

183 694 319 758 Exstant
341 695 438 777 igitur
461 695 557 760 hodie
590 716 720 778 quoque
749 697 782 760 in
807 696 942 760 Graecia
966 697 1145 761 cantilenae
1170 716 1270 778 quae·

94 818 171 881 dam
195 819 352 882 melariae
376 821 586 900 antiquorum
609 820 653 883 illi
684 821 832 902 exemplo
855 821 1047 884 simillimae.
1094 821 1128 884 Si
1159 825 1268 884 autem

94 945 269 1006 cantantur
292 943 374 1006 haec
399 945 552 1018 carmina,
579 947 747 1008 contextus
776 965 890 1008 eurum
920 945 1043 1008 iteratis
1073 945 1207 1009 vocibus
1237 947 1269 1007 et

93 1065 226 1128 mutatis
249 1070 412 1131 mutatam
436 1068 572 1132 assumit
595 1069 745 1149 speciem.
792 1069 862 1132 Hoc
891 1069 1044 1132 iudicium
1074 1069 1137 1132 alio
1165 1070 1269 1132 mani-

93 1192 231 1255 festatur
255 1193 380 1257 cantico
404 1194 564 1275 populari,
581 1195 679 1275 ,quod
702 1195 810 1275 ipsum
833 1214 964 1276 quoque
988 1194 1131 1258 Pernotii
1154 1194 1268 1257 studiis

92 1316 238 1380 debetur.
287 1316 385 1381 Cuius
409 1319 518 1392 verba,
544 1319 570 1381 si
593 1319 752 1399 leguntur,
778 1323 854 1381 sunt
877 1318 972 1381 haec:

252 1512 372 1588 Ἄλεθε,
398 1514 475 1590 μύλο
500 1508 530 1589 μ’
555 1512 649 1575 ἄλεθε
673 1513 795 1592 σιτάριν
818 1514 867 1576 καὶ
890 1513 1011 1590 κλιθάρι

253 1636 346 1699 eleae
369 1639 418 1699 καὶ
443 1639 566 1714 σγουρὰ
590 1638 698 1714 μαλλιὰ
722 1640 757 1713 μὲ
780 1638 817 1699 τὸ
842 1637 1053 1715 μαργαριτάρι.

182 1834 216 1898 Si
240 1855 313 1899 curu
328 1837 458 1899 musicis
474 1837 580 1900 modis
599 1838 681 1900 haec
700 1837 800 1900 verba
817 1837 1066 1916 coniunguntur,
1090 1836 1135 1899 sic
1151 1836 1268 1899 distra-

92 1957 215 2021 huntur
231 1956 373 2040 (Pernot.
398 1960 418 2023 l.
436 1980 472 2036 s,
489 1982 520 2041 p.
540 1956 630 2039 ⁶208lz

250 2151 370 2229 Ἄλεθε,
396 2154 435 2231 uri
459 2189 503 2197 -
527 2152 629 2229 ἄλεθε,
655 2155 732 2231 μύλο
757 2148 786 2231 μ’
813 2153 906 2216 ἄλεθε
931 2151 1053 2231 σιτάριν

252 2279 301 2341 καὶ
324 2279 454 2356 κλιθάρι,
480 2279 562 2353 σιτά,
588 2278 691 2356 σιτάρι
714 2262 762 2341 λαὶ
786 2278 908 2356 κλιθάρι

251 2402 345 2466 ἀλεθε
368 2404 416 2465 καὶ
440 2403 534 2467 ἄλεθε
557 2404 605 2465 καὶ
630 2404 754 2481 σγουρὰ
778 2405 887 2479 μαλλιὰ
911 2406 948 2480 μὲ
970 2404 1007 2466 τὸ

252 2527 464 2606 μαργαριτάρι,
489 2531 525 2604 μὲ
548 2528 595 2602 τό,
621 2530 657 2604 μὲ
680 2529 717 2590 τὸ
742 2525 971 2606 μαργαριτάρι.ι

182 2723 278 2786 Tales
291 2725 388 2804 igitur
400 2726 580 2788 cantilenae
594 2725 686 2788 aliter
697 2726 850 2806 leguntur
861 2728 960 2806 atque
977 2727 1148 2787 canuntur.
1173 2723 1265 2800 Quae

95 2851 256 2914 sententia
279 2852 417 2914 lhrtasse
445 2851 543 2914 etiam
574 2851 616 2914 ad
639 2851 805 2914 Plutarchi
827 2851 905 2914 illud
929 2850 1081 2913 Lesbium
1105 2849 1266 2912 canticum

93 2974 281 3038 adhihenda
297 2978 356 3038 est.
393 2975 477 3039 Nam
493 2974 687 3038 Plutarchus
703 2975 735 3038 in
753 2962 951 3055 argumentis
967 2978 1095 3038 tantum
1108 2978 1141 3037 et
1159 2973 1266 3037 verbis
1321 3056 1323 3061 ⁴

93 3098 260 3176 haerebat,
290 3099 431 3162 musicus
456 3099 572 3162 modos
599 3118 705 3180 neque
728 3098 922 3179 respiciebat
948 3118 1055 3179 neque
1082 3117 1265 3179 propagare

92 3226 230 3304 poterat.
270 3222 360 3286 Haec
384 3227 494 3286 autem
513 3226 702 3304 reputantes
724 3224 765 3287 de
783 3224 876 3286 metri
895 3243 980 3304 quae
997 3225 1126 3286 exstant
1141 3222 1266 3285 lacunis

92 3367 160 3412 non
188 3346 352 3410 miramur.
401 3346 487 3410 Certi
510 3347 635 3410 numeri
664 3346 756 3410 lacile
786 3351 953 3422 eruuntur,
988 3347 1045 3408 sed
1075 3345 1109 3408 hi
1138 3347 1266 3409 numeri

93 3492 160 3536 non
185 3473 277 3536 facile
301 3474 334 3536 in
358 3474 435 3536 certi
457 3473 553 3536 metri
577 3473 705 3536 vincula
728 3473 928 3553 rediguntur.

182 3595 284 3678 Atqui
307 3597 631 3661 Wilamowitzius
655 3598 675 3659 l.
698 3617 724 3659 c.
750 3597 810 3660 sibi
841 3597 930 3660 visus
960 3601 1010 3661 est
1039 3597 1070 3660 in
1103 3597 1264 3661 versibus:

254 3800 337 3864 Ἅλει
361 3803 440 3878 μύλα
464 3801 528 3865 ἄλει

255 3926 304 3987 καὶ
326 3925 386 4001 γὰρ
411 3924 571 4002 Πιττακὸς
595 3924 659 3987 ἀλεῑ

254 4050 388 4126 μεγάλας
412 4049 597 4126 Μιτυλάνας,
616 4049 792 4126 βασιλεύων

93 4175 156 4181 ---·—
163 4174 265 4181 —m-m
273 4176 308 4180 ...-

187 4223 194 4254 ¹
215 4225 249 4277 Hi
269 4225 342 4277 modi
368 4242 385 4277 a
404 4225 530 4278 Pemutiu
557 4225 585 4276 in
611 4224 849 4292 phuncgraphicae
875 4240 956 4290 quarn
983 4223 1097 4274 dicimus
1122 4222 1265 4276 machinae

93 4321 214 4389 cylindro
233 4322 354 4390 inscripti
372 4327 444 4375 sunt.
