3159 4942
764 245 983 308 „54-

209 422 211 427 .
285 456 328 508 ex
349 445 498 509 laborum
523 445 766 509 condicionibus
790 465 885 510 suam
907 446 1104 510 hauriebant
1127 446 1203 508 vim.
1251 446 1324 509 Hoc
1347 448 1471 508 tamen

287 574 395 653 potest
427 569 581 650 intellegi:
617 569 772 647 laborem,
803 569 859 651 qui
882 569 943 632 illis
973 570 1047 633 Eur.
1079 569 1227 633 versibus
1254 569 1467 648 describitur,

176 749 178 752 ι
287 697 406 765 tabbus
430 697 497 760 fere
524 690 543 774 ί(
569 711 588 773 μ
616 692 635 775 >l
673 690 777 777 >ixi
804 696 948 760 numeris
972 696 1138 761 contineri.

281 978 285 984 Ι
375 1004 405 1066 Α
430 999 607 1067 tractandis
630 1004 681 1067 his
704 1004 802 1067 rebus
826 1004 1042 1087 etymologica
1065 1024 1168 1085 parva
1191 1004 1370 1086 disputatio
1394 1024 1467 1067 non

286 1113 552 1213 porest'seiungt.
600 1131 811 1212 Quantopere
834 1131 987 1212 pulsandi
1011 1134 1044 1194 et
1071 1130 1207 1194 feriendi
1237 1133 1400 1195 motiones
1428 1131 1465 1192 in

287 1259 356 1319 arte
379 1256 504 1318 musica
528 1255 725 1319 Graecorum
755 1259 932 1337 usurpatae
962 1259 1081 1333 essent,
1112 1256 1178 1319 iam
1206 1256 1354 1320 Buecher
1377 1256 1398 1321 l.
1425 1277 1466 1333 s.,

289 1399 320 1460 p.
333 1379 407 1455 367,
425 1378 535 1443 aena
553 1378 792 1455 animadvertit,
821 1381 878 1461 qui
894 1373 936 1444 ad
955 1381 1156 1462 frequentem
1172 1401 1268 1444 usum
1284 1381 1467 1444 verborum

287 1503 411 1581 κρούειν
434 1507 468 1568 et
483 1502 609 1566 κόπτειν
633 1504 834 1584 provocavit.
882 1504 976 1568 Velut
991 1506 1107 1569 Pollux
1122 1505 1182 1569 hos
1200 1506 1327 1569 dicendi
1342 1505 1467 1569 modos

287 1630 441 1693 testatur:
466 1626 590 1704 κρούειν
615 1625 723 1702 αὐλόν,
753 1629 936 1706 κρέμβαλον,
969 1628 1138 1707 φόρμιγγα,
1168 1629 1311 1707 κιθάραν,
1343 1629 1466 1707 λύραν;

285 1752 373 1817 idem
396 1752 504 1816 varios
529 1754 704 1816 concentus
719 1753 861 1818 musicos
884 1755 1015 1819 nomine
1036 1758 1157 1832 κρούμα
1173 1755 1318 1836 appellat
1347 1753 1400 1836 (cf.
1418 1755 1467 1817 lV

285 1879 337 1954 57,
364 1878 417 1957 ὅθ,
442 1878 495 1956 67,
521 1880 573 1955 83,
599 1879 651 1956 84,
677 1878 793 1943 'V1188
811 1875 875 1959 ab).

374 2005 403 2067 A
438 2004 538 2069 verbo
573 2003 700 2069 κόπτειν
729 2006 910 2070 derivanda
947 2010 997 2070 est
1015 2007 1229 2070 musicorum
1263 2009 1465 2089 scriptorum

285 2129 478 2210 significatio
502 2129 631 2208 κομμός.
679 2130 751 2208 Quo
774 2131 875 2194 verbo
899 2131 931 2194 in
948 2131 1118 2213 tragoedia
1134 2132 1282 2209 eiulatus
1307 2132 1462 2213 gemitus

284 2255 534 2319 lamentationes
557 2256 770 2331 vocabantur,
795 2275 869 2319 eam
889 2256 1038 2320 videlicet
1061 2257 1103 2321 ob
1120 2277 1263 2334 causam,
1289 2257 1378 2338 quod
1403 2257 1463 2339 qui

285 2380 449 2444 atrocibus
473 2380 639 2444 doloribus
665 2380 892 2444 afficiebantur
914 2382 1054 2445 frontem
1077 2385 1109 2445 et
1136 2384 1249 2463 pectus
1265 2382 1359 2446 ferire
1375 2382 1462 2446 sole-

286 2507 377 2570 bant.
408 2473 523 2569 ’Cuius
547 2506 593 2569 rei
621 2506 786 2582 indicium,
818 2505 845 2569 si
876 2506 939 2570 alia
969 2507 1155 2571 testimonia
1184 2507 1460 2584 desiderarentur,

284 2634 351 2696 iam
373 2651 414 2696 ex
436 2632 580 2696 numeris
604 2635 670 2694 τῶν
694 2634 823 2710 κορμῶν
847 2632 990 2713 intellegi
1020 2636 1140 2713 posset.
1187 2633 1273 2696 Nam
1302 2633 1458 2710 doehmii‚

283 2758 404 2839 quippe
429 2757 485 2839 qui
508 2758 541 2820 in
556 2756 618 2820 illis
635 2757 825 2837 tragoediae
841 2756 990 2838 partibus
1006 2760 1081 2820 ante
1098 2757 1179 2820 alios
1195 2756 1259 2821 siut
1274 2757 1425 2838 usurpati
1436 2754 1459 2834 1.,

283 2883 424 2945 maxime
447 2882 556 2946 idonei
580 2887 665 2957 sunt,
691 2882 746 2964 qui
770 2902 844 2945 cum
867 2883 1000 2947 maestis
1024 2882 1085 2946 illis
1109 2882 1244 2946 feriendi
1259 2881 1459 2946 motionibus

284 3007 536 3087 coniungantur.

373 3131 448 3194 Non
471 3131 554 3196 forte
578 3151 676 3213 porro
700 3133 856 3197 accidisse
872 3134 1009 3212 videtur,
1035 3133 1123 3215 quod
1148 3132 1340 3213 significatio
1361 3132 1459 3209 „dac-

283 3256 387 3339 tylus“
416 3277 483 3320 non
500 3278 682 3340 numquam
698 3259 740 3322 ab
757 3258 862 3322 idaeis
880 3258 1016 3339 dactylis
1032 3252 1266 3338 repetebatur.²
1312 3256 1354 3320 Hi
1369 3257 1458 3321 enim

379 3531 388 3562 ¹
407 3525 437 3577 V.
451 3526 540 3579 Schol.
557 3528 592 3579 ad
610 3525 706 3579 Aesch.
721 3526 793 3593 Sept.
811 3543 836 3579 v.
853 3527 915 3578 103:
942 3527 958 3577 ὁ
978 3527 1086 3592 ῥυθμὸς
1105 3526 1188 3589 ούτος
1210 3526 1296 3589 πολύς
1322 3525 1406 3585 ἐστιν,
1428 3526 1459 3578 ἐν

288 3623 434 3692 θρηνῳδία
454 3622 498 3676 καὶ
516 3623 670 3689 ἐπιτήδειος
688 3624 759 3688 πρὸς
778 3623 903 3689 θρήνους
922 3623 966 3676 καὶ
986 3625 1165 3688 στεναγμούς.

371 3726 382 3757 2
402 3721 690 3775 ClemAlemStroml
701 3724 740 3785 15,
754 3723 802 3775 73:
822 3724 900 3785 Τινές
913 3724 943 3776 δὲ
959 3725 1153 3788 μυθικώτερον
1168 3728 1227 3776 τῶν
1242 3723 1347 3777 Ἰδαίων
1358 3726 1457 3778 καλου-

282 3820 375 3884 μένων
385 3821 530 3874 δακτύλων
544 3821 654 3886 σοφούς
666 3837 741 3885 τινας
754 3822 885 3886 πρώτους
896 3822 1027 3885 γενέσθαι
1041 3822 1178 3886 λέγουσιν,
1198 3821 1235 3886 εἰς
1253 3823 1302 3887 οὓς
1318 3808 1337 3888 ἥ
1353 3828 1456 3877 τετῶν

281 3920 420 3987 Ἐφεσίων
430 3921 591 3986 λεγομένων
600 3922 771 3986 γραμμάτων
782 3921 915 3987 καίὴτιύν
926 3924 994 3975 κατὰ
1005 3924 1141 3990 μουσικὴν
1152 3925 1259 3989 εὕρεσις
1266 3926 1384 3991 ῥυθμῶν
1394 3926 1456 3979 ἀνα-

283 4017 411 4083 φέρεται·
432 4016 467 4078 ρι’
486 4017 522 4083 ἣν
541 4017 630 4071 αἰτίαν
649 4017 676 4069 οἱ
694 4019 769 4084 παρὰ
786 4021 845 4082 τοῖς
870 4022 1011 4083 μουσικοῖς
1034 4020 1164 4073 δάκτυλοι
1187 4020 1240 4086 τὴν
1263 4021 1455 4088 προσηγορίαν

282 4116 436 4183 εἰλήφασιν,
456 4118 616 4185 —Scholia
635 4119 656 4170 B
681 4118 711 4170 in
729 4119 938 4185 Hephaestionis
958 4121 1140 4185 Euchiridion,
1160 4139 1185 4189 p.
1202 4122 1252 4174 133
1278 4121 1454 4187 (Consbruch,

282 4234 307 4284 p.
328 4218 420 4283 3010:
440 4219 455 4289 θ
475 4218 611 4282 θιίκτυλος
631 4259 636 4269 .
658 4259 663 4270 .
684 4259 690 4270 .
711 4220 787 4273 οὕτω
808 4221 976 4287 κεκλημένος
994 4223 1049 4275 ἀπὸ
1070 4225 1230 4288 μεταφορᾶς
1248 4226 1308 4274 τῶν
1321 4223 1455 4287 ἁρμογιύν

282 4319 341 4367 τῶν
359 4318 409 4381 τῆς
427 4316 517 4381 χειρὸς
530 4316 682 4369 »δακτύλων
702 4317 766 4381 (ἀπὸ
785 4317 838 4384 γὰρ
853 4318 978 4384 μείζονος
996 4321 1120 4388 ἁρμογῆς
1133 4321 1176 4375 ἐπὶ
1195 4323 1244 4388 τὰς
1257 4322 1308 4375 δύο
1322 4322 1454 4388 ἐλάττους
