3159 4942
761 270 954 332 ,6Ἀ

275 457 446 551 corporum
471 469 632 532 motiones
656 465 865 543 ῥυθμίζεσθαι
887 469 1042 543 censeret,
1073 467 1197 548 primus
1220 468 1272 530 ille
1296 487 1316 529 a
1343 468 1448 530 verbis

275 597 352 675 apte
375 598 408 656 et
431 593 610 675 aequaliter
625 592 740 655 vinctis
756 591 896 656 seiunxit
911 610 1122 655 numerorum
1145 593 1250 673 ipsam
1269 589 1448 656 naturam.¹

276 716 349 794 Qua
371 717 497 780 ratione
520 720 649 780 tantum
665 716 768 780 valuit
783 717 1006 791 Aristoxenus
1031 719 1067 779 ut
1089 717 1305 797 posteriorum
1321 720 1448 798 tempo·

276 861 348 905 rum
371 840 544 923 scriptores
566 841 739 923 rhythmici
763 841 805 904 de
829 841 882 903 via
907 840 948 903 ab
972 841 1025 904 illo
1049 840 1129 904 inita
1151 861 1218 904 non
1242 835 1468 919 decederent,

275 965 332 1028 sed
356 964 389 1028 in
406 964 605 1046 disputando
622 965 663 1028 de
679 965 814 1047 poeticis
829 964 940 1028 formis
956 985 1110 1028 numeros
1126 969 1255 1030 tantum
1270 969 1447 1031 tractarent

276 1110 296 1153 a
325 1089 500 1152 verborum
530 1091 681 1153 contextu
711 1089 806 1153 nimis
836 1089 994 1153 subtiliter
1024 1093 1174 1154 secretos
1221 1090 1293 1167 Quo
1327 1091 1379 1168 fit,
1411 1096 1447 1157 ut

275 1209 396 1277 nostri²
427 1233 557 1296 quoque
592 1212 862 1295 philosophorum
896 1234 986 1277 more
1019 1214 1060 1278 de
1090 1216 1234 1279 numeris
1264 1236 1331 1279 non
1360 1218 1446 1280 male

275 1338 470 1403 disserentes
489 1338 604 1401 veteris
623 1357 760 1419 poeseos
783 1344 888 1403 metra
903 1340 1008 1420 magis
1031 1339 1204 1421 inspiciant
1227 1360 1327 1423 quam
1351 1363 1447 1423 argu-

274 1465 395 1526 menta.
442 1461 557 1543 Neque
587 1465 698 1526 tamen
721 1463 860 1527 canendi
890 1463 968 1527 artis
992 1465 1118 1528 numeri
1148 1468 1181 1528 et
1202 1469 1307 1529 metra
1329 1467 1447 1548 princi-

274 1586 362 1669 palia
386 1588 464 1651 satis
487 1588 688 1651 illustrantur
711 1588 772 1651 nisi
789 1609 855 1670 qua
872 1589 1041 1653 occasione
1066 1588 1144 1652 data
1161 1589 1256 1672 quale
1273 1611 1447 1671 argumen-

274 1716 345 1774 tum
368 1713 514 1788 canatur,
538 1711 633 1775 simul
657 1712 858 1776 observatur.
895 1712 991 1789 Quod
1007 1712 1102 1776 unius
1122 1715 1248 1794 generis
1265 1716 1446 1780 carminum

275 1837 398 1919 origine
427 1839 600 1920 praecipue
631 1839 804 1920 probatur,
835 1840 1123 1921 operariorum
1154 1839 1226 1904 dico
1256 1841 1445 1906 cantilenas.

363 1964 520 2029 Homines
544 1965 577 2028 in
594 1965 699 2028 omnis
716 1964 820 2028 cultus
837 1965 931 2046 quasi
947 1964 1083 2027 infantia
1099 1963 1273 2028 haerentes
1286 1985 1446 2030 manuum

274 2096 307 2157 et
330 2111 448 2157 vocum
471 2111 568 2154 usum
591 2091 800 2155 artificiosum
824 2091 866 2154 ad
891 2091 1063 2155 commoda
1087 2090 1244 2172 imprimis
1268 2094 1301 2155 et
1323 2091 1446 2155 emolu-

273 2220 385 2281 menta
399 2216 618 2282 nanciscenda
638 2215 793 2279 adhibere
811 2216 924 2279 solent.
948 2213 992 2278 Ut
1008 2214 1205 2296 depingendi
1221 2219 1254 2278 et
1268 2215 1445 2297 effingendi

275 2342 439 2424 quaedam
469 2340 648 2424 primordia
684 2340 717 2403 in
754 2359 919 2403 armorum
955 2340 1310 2421 instrumentorumque
1347 2340 1444 2403 variis

273 2466 473 2532 ornamentis
489 2464 696 2545 indagantur,
721 2464 766 2528 ita
782 2464 929 2545 poeticae
949 2465 1027 2529 artis
1047 2464 1238 2529 rudimentis
1253 2465 1286 2529 id
1303 2466 1447 2545 agebant

274 2591 424 2654 homines
446 2592 492 2666 ut,
517 2608 602 2672 quae
626 2592 734 2652 esseut
756 2588 848 2652 utilia
871 2591 904 2652 et
926 2590 1121 2666 necessaria,
1144 2588 1318 2652 redderent
1342 2592 1444 2669 grata.

273 2714 372 2778 Cuius
407 2713 454 2777 rei
489 2714 669 2777 cantilenae
704 2713 777 2777 illae
804 2713 980 2794 populares
1013 2714 1131 2778 indicio
1163 2717 1252 2789 sunt,
1287 2732 1371 2795 quae
1398 2712 1446 2774 la-

274 2837 391 2902 borum
414 2838 598 2900 levamento
622 2836 874 2917 usurpabantur.
922 2836 1016 2900 Talia
1043 2837 1168 2899 cantica
1197 2855 1256 2917 per
1286 2837 1384 2915 longa
1414 2841 1446 2901 et

272 2966 457 3043 temporum
486 2963 518 3022 et
550 2959 719 3039 regionum
753 2959 860 3041 spatia
893 2958 1104 3022 disseminata
1131 2958 1181 3021 bis
1209 2958 1342 3022 demum
1364 2962 1445 3025 tem-

271 3086 404 3168 poribus
429 3084 610 3149 accuratius
634 3087 773 3147 tractata
796 3087 880 3147 sunt.
916 3083 964 3147 Ac
979 3083 1103 3165 primus
1119 3083 1260 3165 quidem,
1285 3088 1445 3166 quantum

272 3212 378 3290 video,
414 3210 490 3275 Otto
518 3209 685 3274 Boeckel
713 3210 761 3273 vir
790 3210 832 3273 de
862 3210 1069 3292 popularium
1100 3210 1280 3273 carminum
1310 3210 1445 3276 historia

271 3338 355 3400 bene
378 3329 532 3399 meritus³
555 3336 779 3417 operariorum
795 3334 973 3398 cantilenas
994 3332 1110 3415 dignas
1125 3334 1250 3413 habuit,
1276 3355 1358 3417 quas
1375 3336 1445 3399 dili·

272 3461 399 3541 gentius
422 3460 603 3542 inspiceret.
650 3459 737 3522 Nam
759 3462 796 3521 ut
819 3457 1029 3540 triumphalia
1058 3461 1090 3521 et
1120 3459 1269 3539 lugubria
1299 3460 1444 3523 cannina

271 3641 485 3649 -——-—-—.....

361 3748 369 3780 ¹
389 3743 427 3795 Cf.
447 3742 605 3805 <rounam
625 3741 769 3807 στοιχείων
794 3742 812 3795 Ι.
831 3742 851 3806 Ι,
878 3742 911 3794 fr.
930 3743 955 3795 Il
980 3747 1007 3795 et
1026 3743 1063 3794 lll
1083 3744 1155 3810 apud
1174 3743 1244 3796 Rud.
1258 3744 1443 3812 Westphal,

274 3843 330 3898 Die
348 3842 513 3908 Fraqmente
530 3843 588 3893 aad
607 3841 652 3896 die
669 3841 818 3896 Lehrsdlze
836 3842 884 3896 der
900 3842 1001 3907 pricch.
1021 3842 1210 3911 Rhythmilrer,
1228 3857 1254 3908 p.
1268 3842 1311 3894 ld.

364 3938 588 3991 ²Recentiorum
606 3938 768 4006 scriptorum
787 3937 815 3990 hi
835 3939 1023 3992 nominentur.
1062 3938 1171 3993 Godofr.
1190 3940 1368 4003 Hermann,
1387 3940 1444 3993 lile·

270 4042 364 4091 menta
376 4036 514 4091 doctrinae
527 4038 661 4102 metricae,
681 4054 707 4106 p.
721 4039 737 4090 5
756 4054 827 4106 sqq.;
849 4037 920 4090 Rud.
933 4038 1112 4106 Westphal,
1133 4042 1238 4106 praeter
1249 4037 1350 4090 librum
1363 4038 1445 4089 modo

271 4136 384 4190 allatum
397 4137 481 4204 praef.
500 4152 526 4203 p.
540 4135 582 4200 Ἡ,
601 4135 631 4188 in
652 4136 766 4205 Allpcm.
779 4137 881 4203 oricoli.
895 4136 1007 4203 Metrilc,
1026 4153 1052 4203 p.
1069 4136 1125 4199 183,
1141 4137 1204 4198 187;
1233 4134 1302 4188 Guil.
1321 4134 1441 4199 Christ,

273 4234 377 4301 Metptlr
396 4235 421 4289 d.
439 4233 574 4289 Griecheu
591 4252 618 4288 u.
632 4235 743 4302 Rdmer,
762 4250 788 4301 p.
801 4235 827 4286 l.

361 4330 372 4362 ⁸
390 4333 421 4388 V.
440 4331 498 4386 eius
516 4333 651 4390 nauscae
675 4332 842 4390 Volkaliedcr
860 4349 912 4388 aar
933 4331 1101 4397 Obcrhcssea
1121 4332 1206 4386 Marb.
1221 4332 1299 4387 1888.

1571 3694 1574 3835 l

1554 4606 1572 4928 l
