3159 4942
607 257 962 335 --51-¹

221 452 336 541 Neque
359 479 437 522 vero
460 459 523 523 hoc
546 462 673 522 tantum
686 450 801 550 'modo‘
819 463 941 524 nautae
963 459 1110 524 laborem
1139 460 1302 525 moderari

130 586 163 646 et
187 576 347 646 consolari
376 581 534 645 solebant.
581 582 752 646 Noverunt
779 583 876 660 enim,
906 603 991 666 quae
1019 584 1150 648 levandi
1179 585 1227 648 vis
1255 584 1304 667 ip·

131 729 242 773 sorum
257 709 378 772 inesset
393 707 619 771 communibus
635 708 814 772 cantilenis.
862 707 958 786 Quod
974 707 1129 772 Claudii
1143 707 1304 773 Mamer-

130 835 204 898 tini
228 833 438 899 confirmatur
453 853 608 916 panegyr.
625 832 684 896 ΧΗ
701 830 795 914 (Pan.
812 834 881 898 Lat.
899 855 931 916 p.
949 833 992 897 99
1007 830 1154 915 Baehr.):
1183 835 1247 912 „ita
1269 836 1303 899 in

131 980 236 1041 aquas
260 964 375 1042 sponte
399 960 575 1023 subeuntes
599 959 756 1040 impetum
779 959 912 1041 navigia
940 961 1086 1024 fecerunt
1112 960 1175 1024 levi
1203 961 1302 1025 modo

130 1087 293 1148 commota
316 1085 390 1147 nisu
414 1083 610 1160 ducentium,
636 1103 775 1165 quorum
800 1083 842 1147 ad
865 1084 1085 1149 felicissimum
1109 1086 1187 1151 illud
1210 1109 1303 1152 exor-

129 1209 220 1273 dium
244 1211 348 1291 magis
372 1231 455 1293 opus
479 1215 548 1275 erat
572 1212 703 1274 nautico
727 1211 870 1275 carmine
894 1231 994 1294 quam
1017 1212 1161 1278 labore“.

219 1335 358 1400 Nautica
387 1339 496 1400 autem
524 1335 669 1401 carmina
692 1336 919 1400 Romanorum
947 1337 993 1401 ita
1021 1338 1202 1420 composita
1231 1360 1302 1403 esse

128 1459 289 1553 videatur,
314 1462 350 1523 ut
373 1459 600 1540 pausariorum
624 1460 713 1542 quod
737 1459 906 1524 dicebatur
928 1461 1074 1526 celeuma
1101 1461 1302 1528 intercalario
1329 1430 1333 1438 .

128 1582 167 1647 iis
189 1582 362 1660 inseretur3
387 1584 474 1647 unde
497 1585 602 1648 totum
618 1583 697 1647 illud
713 1603 845 1647 cannen
861 1584 1018 1665 paulatim
1034 1605 1154 1649 nomen
1169 1585 1303 1666 petebat

128 1710 284 1774 celeuma.
332 1709 427 1787 Quod
450 1708 606 1791 imprimis
630 1728 670 1773 ex
698 1708 850 1773 Sidonii
880 1709 1045 1791 Apollin.
1072 1709 1165 1792 epist.
1197 1709 1224 1771 ll
1251 1709 1301 1786 10,

119 1819 160 1900 u.
178 1836 220 1899 25
237 1856 308 1918 sqq.
333 1835 440 1899 verbis
464 1835 655 1899 concludere
678 1833 765 1898 licet:

288 1979 462 2024 curvorum
484 1959 560 2023 hinc
583 1959 701 2024 chorus
724 1958 952 2025 helciariorum
1066 2042 1067 2047 ἵ

287 2084 555 2166 responsantibus
579 2083 708 2149 alleluia
731 2084 809 2166 ripis

288 2211 331 2275 ad
354 2209 519 2274 Christum
541 2210 630 2274 levat
654 2210 817 2274 amnicmn
841 2211 997 2275 celeuma.

139 2444 142 2449 .
216 2361 325 2443 Atque
348 2359 541 2424 intercalarii
564 2361 663 2439 modi,
689 2365 892 2444 quantopere
916 2367 952 2426 ut
976 2362 1018 2426 ab
1047 2362 1117 2427 aliis
1146 2363 1302 2445 operariis

125 2486 172 2549 ita
196 2506 216 2549 a
238 2485 414 2567 remigibus
439 2485 545 2550 dilecti
568 2486 697 2565 fuerint,
722 2507 762 2550 ex
785 2486 881 2551 unico
905 2486 959 2550 illo
983 2487 1162 2552 celeumate
1186 2487 1300 2563 elucet,

125 2610 217 2690 quod
239 2608 273 2671 iu
296 2608 367 2672 cod.
384 2608 489 2672 Berol.
508 2629 532 2673 S.
551 2608 630 2673 Vlll.
648 2610 698 2673 vel
714 2589 768 2673 IX.
786 2609 881 2674 nobis
898 2614 1066 2674 servatum
1081 2615 1131 2675 est
1147 2609 1194 2691 (P.
1209 2611 1243 2674 L.
1257 2612 1299 2676 M.

125 2733 167 2796 lll
186 2733 237 2797 ed.
256 2733 374 2798 Baehr.
392 2754 423 2815 p.
444 2730 534 2815 loll:

234 2886 346 2964 Heia,
371 2888 462 2963 viri,
486 2892 661 2953 nostrum
684 2890 854 2954 reboans
877 2890 972 2955 echo
995 2893 1107 2955 sonet
1129 2890 1232 2956 heia!

233 3012 362 3076 Arbiter
385 3012 479 3078 effusi
503 3013 568 3078 late
591 3014 690 3077 maris
714 3034 770 3078 ore
795 3033 910 3080 sereno

233 3137 402 3201 Placatum
426 3138 541 3202 stravit
563 3139 699 3221 pelagus
723 3139 897 3222 posuitque
920 3141 1105 3221 procellam,

235 3262 439 3347 Edomitique
463 3284 548 3345 vago
572 3264 727 3329 sederunt
749 3264 895 3347 pondere
918 3266 1044 3329 fluctus

234 3416 345 3494 Heia,
370 3417 459 3494 viri,
483 3421 657 3483 nostrum
682 3420 852 3484 reboans
876 3420 970 3484 echo
994 3424 1106 3485 sonet
1128 3420 1230 3486 heia!

232 3543 359 3607 Annisu
382 3543 475 3626 parili
498 3547 617 3608 tremat
639 3543 755 3608 ictibus
780 3548 853 3609 acta
876 3544 987 3610 carina

232 3668 326 3732 Nunc
350 3669 440 3732 dabit
464 3669 609 3733 arridens
633 3670 750 3752 pelago
774 3671 949 3735 concordia
972 3672 1051 3735 caeli

233 3795 410 3861 Ventorum
434 3801 526 3861 motu
549 3798 743 3879 praegnanti
766 3818 894 3863 currere
919 3799 1001 3863 vele.

234 3950 345 4029 Heia,
370 3951 457 4028 viri,
481 3956 656 4017 nostrum
679 3954 847 4018 reboans
870 3955 966 4018 echo
990 3957 1101 4018 sonet
1124 3954 1229 4018 heia!

217 4074 384 4156 <Aequora
408 4095 505 4156 prora
529 4081 615 4141 secet
638 4076 799 4158 delphinis
823 4078 952 4141 aemula
975 4077 1060 4141 saltu

232 4200 341 4283 Atque
365 4204 474 4281 gemat
496 4200 634 4281 largum,
658 4206 789 4283 promat
811 4223 947 4286 seseque
970 4203 1098 4267 lacertis

232 4324 322 4392 Pone
345 4326 479 4391 trahens
503 4346 620 4393 canum
646 4327 786 4393 deducat
809 4332 841 4392 et
864 4328 971 4395 orbita
994 4329 1128 4394 sulcum.
