3159 4942
609 255 830 317 *41-

224 453 337 536 Neque
354 474 431 518 vero
454 455 500 518 ita
522 455 669 537 ineptum
691 459 740 519 est
764 456 904 537 cogitare
929 455 1089 519 clamosas
1112 456 1182 520 illas
1206 476 1303 521 voces

134 575 195 651 ἰοῡ,
231 575 290 652 ἰοῦ,
330 599 415 660 quae
450 580 539 661 apud
573 580 726 661 tragicos,
758 581 912 657 comicos,
938 581 1018 644 alios
1047 581 1219 662 scriptores
1242 583 1305 645 fre·

136 706 248 783 quenti
270 704 389 769 inusu
412 710 505 770 erant
529 727 678 789 quaeque
694 707 784 789 ipsae
801 707 835 770 in
851 705 1150 788 Oschophoriorum
1174 708 1302 789 agmine

134 827 252 890 iterum
275 828 373 906 atque
396 824 513 887 iterum
529 819 809 900 clamitabantur¹,
834 823 932 887 etiam
953 822 1082 886 alanas
1098 824 1302 888 trahentibus

135 949 338 1014 intercalarie
361 949 535 1029 usurpatas
565 949 598 1011 et
627 947 702 1011 inde
726 947 810 1012 illius
833 948 1013 1012 cantilenae
1037 967 1156 1012 nornen
1183 946 1304 1010 ducen-

136 1077 215 1139 dum
238 1095 318 1139 esse.

225 1199 433 1281 Quamquam
462 1198 610 1276 assentiri
638 1197 808 1262 maluerim
831 1197 923 1261 alteri
950 1196 1080 1276 cuidam
1106 1196 1303 1279 explanandi

135 1325 263 1389 rationi.
310 1316 541 1399 Verboioolog
563 1322 650 1386 enim
665 1320 803 1386 materia
821 1321 985 1403 quaedam
1004 1322 1163 1385 acervatis
1178 1321 1304 1403 stipulis

134 1450 314 1532 composita
337 1447 536 1530 signabatur.
583 1446 678 1511 Velut
700 1446 796 1510 crinis
815 1450 847 1510 et
862 1447 984 1511 barbae
1004 1447 1128 1511 notioni
1150 1445 1305 1510 inservire

136 1569 289 1656 ροιοιιειὶ.2
348 1573 396 1636 Ac
429 1572 521 1636 facile
557 1572 729 1636 conieceris
764 1571 798 1635 in
824 1571 964 1653 canticis
988 1591 1111 1648 eorum,
1140 1571 1195 1654 qui
1219 1573 1305 1635 torta

137 1697 279 1762 stamina
295 1697 467 1773 ducebant,
491 1697 587 1759 lanae
604 1716 735 1778 quoque
750 1697 829 1761 illud
846 1697 982 1760 verbum
998 1696 1200 1777 assignatum
1223 1708 1304 1760 esse.

137 1821 234 1900 Quod
257 1820 378 1885 musice
402 1821 540 1884 fortasse
563 1820 742 1885 iterabatur
765 1821 820 1896 ita,
845 1824 882 1884 ut
902 1819 1011 1897 ἴουλος
1033 1820 1190 1902 imprimis
1215 1821 1306 1887 audi-

135 1951 224 2011 retur
246 1949 279 2010 et
301 1945 399 2011 totius
423 1945 603 2010 cantilenae
625 1945 717 2009 fieret
739 1945 873 2010 notioni.

224 2073 260 2135 ln
283 2091 420 2136 numero
443 2071 624 2135 carminum
647 2091 720 2135 cum
743 2071 870 2135 rusticis
893 2072 1045 2153 operibus
1061 2073 1307 2137 coniunctorum

60 2231 62 2234 >
136 2198 179 2264 ab
209 2197 411 2261 Athenaeo
445 2195 519 2259 XIV
542 2216 573 2278 p.
599 2196 690 2259 elea
713 2196 909 2279 Lityerses
943 2196 1088 2278 ponitur:
1124 2195 1143 2272 ἡ
1172 2197 1207 2258 δὲ
1240 2200 1306 2260 τῶν

136 2326 297 2401 θεριστῶν
322 2322 387 2405 ᾠδὴ
411 2313 584 2399 Λιτυέρσης
607 2322 750 2384 καλεῖται.
789 2321 927 2385 Pollux
949 2321 1017 2385 138
1034 2322 1214 2404 Lityersem
1230 2322 1307 2386 dicit

138 2449 329 2511 σκαπανὲων
366 2448 467 2531 dubim
502 2448 589 2512 idem
625 2448 666 2511 lV
691 2449 732 2512 53
767 2448 831 2512 hoc
865 2449 1027 2512 canticum
1061 2468 1136 2512 cum
1171 2449 1308 2514 aliarum

137 2574 282 2655 gentium
313 2573 509 2637 carminibus
545 2573 589 2636 sic
613 2575 795 2654 comparat:
838 2572 975 2649 βῶριμος
1010 2573 1044 2634 δὲ
1075 2571 1307 2648 Μαριανδυνῶν

137 2700 290 2775 γεωργῶν
314 2696 410 2779 ᾆσμα,
437 2696 483 2774 ῶς
505 2695 683 2772 Αἰγυπτίων
714 2696 860 2773 μανὲρυις
887 2695 936 2756 καὶ
965 2695 1131 2773 λιτυὲρσας
1154 2695 1307 2773 Φρυγῶν;

136 2827 170 2888 et
192 2823 235 2885 IV
251 2824 307 2887 54:
342 2824 435 2906 ᾔδετο
466 2823 500 2884 δὲ
523 2820 542 2885 ὁ
565 2824 687 2899 θρῆνος
710 2820 780 2898 περὶ
803 2819 860 2896 τὰς
884 2817 969 2896 ἅλως
999 2819 1047 2882 καὶ
1077 2819 1114 2882 τὸ
1138 2819 1237 2897 θέρος
1260 2819 1309 2882 ἐπὶ
1350 2826 1352 2829 ’

138 2947 239 3011 Μίδου
274 2945 467 3029 παραμυθίᾳ.
530 2946 655 3011 Schol.
691 2947 729 3010 in
763 2946 962 3011 Theocriti
996 2945 1027 3009 X
1054 2947 1094 3010 41
1132 2951 1308 3030 postquam

137 3073 259 3137 rettulit
282 3073 462 3155 Lityersam
497 3073 601 3136 socios
636 3091 713 3135 suos
748 3071 913 3149 occidisse,
948 3071 1066 3136 deinde
1102 3072 1144 3136 ab
1171 3072 1309 3137 Hercule

137 3201 289 3262 necatum
312 3202 345 3262 et
368 3198 402 3262 in
424 3197 639 3262 Maeandrum
661 3197 797 3284 fluvium
820 3195 981 3261 deiectum
1005 3217 1085 3274 esse,
1118 3198 1163 3261 sic
1190 3199 1308 3280 pergit:

135 3320 237 3386 Ὅθεν
260 3323 309 3404 καὶ
331 3325 390 3386 νῦν
414 3322 444 3385 οἱ
466 3322 610 3401 θερισταὶ
633 3322 711 3384 κατὰ
728 3321 868 3399 Φρυγίαν
891 3321 1024 3403 ᾄδουσιν
1046 3322 1145 3386 αὐτὸν
1161 3322 1309 3400 ἐγκωμιά-

229 3541 237 3573 ¹
257 3537 296 3590 De
314 3537 366 3590 hac
378 3554 408 3590 re
427 3554 452 3589 v.
472 3536 669 3590 Mannhardt
687 3537 705 3589 l.
719 3555 748 3601 s.‚
768 3555 794 3605 p.
808 3538 869 3590 217.

229 3631 374 3686 ²Athen.
397 3632 452 3697 XV,
478 3651 504 3701 p.
518 3634 606 3686 cosa:
633 3633 762 3698 Χλανίδες
788 3635 813 3688 δ’
833 3636 912 3689 οὖλαι
939 3637 1167 3703 καταβέβληνταις
1193 3637 1310 3690 Pollux

136 3731 162 3784 Il
176 3732 223 3784 23:
244 3728 364 3785 Ἀττικοὶ
378 3733 409 3785 u
424 3733 507 3795 οὔλας
517 3731 629 3796 λέγουσι
638 3733 686 3797 τὰς
696 3734 800 3799 τριχάςς
818 3734 889 3788 Hes.
904 3752 925 3787 s.
936 3751 961 3788 ν.
973 3734 1079 3799 ἶουλοςε
1091 3734 1118 3787 αἱ
1134 3739 1241 3800 πρῶται
1251 3740 1310 3788 τῶν

135 3835 240 3898 τριχῶν
260 3832 403 3898 ἐκφύσεις
423 3833 512 3885 Phot.
532 3849 553 3885 s.
566 3848 592 3885 v.
612 3831 716 3898 roolog:
737 3833 832 3887 καὶτὸ
852 3835 994 3900 ἐξάνθημα
1012 3836 1045 3888 τὸ
1065 3833 1109 3888 ἐπὶ
1122 3840 1181 3888 τῶν
1193 3835 1311 3900 γενείων

138 3971 145 3984 .
165 3971 172 3982 .
192 3970 198 3984 .
217 3932 251 3984 τὸ
271 3933 340 3984 δασὺ
360 3933 482 3984 ἑπισεῑον
500 3937 561 3984 τῶν
577 3931 695 3996 γενείων
713 3974 719 3985 .
740 3974 746 3985 .
766 3974 772 3986 .
792 3937 875 3998 χνοῦς
893 3939 1003 4000 τριχῶν,
1035 3935 1096 4000 ἢτοι
1109 3934 1126 3999 ἡ
1140 3934 1239 4000 πρώτη
1251 3939 1310 3987 τῶν

137 4026 256 4092 γενείων
276 4030 387 4094 βλάστη.
412 4029 487 4082 Idem
505 4029 561 4082 fere
579 4030 677 4093 Suid.;
696 4031 795 4099 Etym.
815 4032 917 4099 Magn.
936 4050 957 4085 s.
971 4050 1009 4084 v.:
1028 4033 1123 4097 ἴουλος
1141 4032 1248 4097 λέγεται
1267 4031 1311 4085 καὶ

138 4126 277 4192 ἡπρώτη
299 4126 447 4192 ἐξάνθησις
464 4130 523 4178 τῶν
541 4131 644 4193 τριχῶν
668 4110 736 4181 κατὰ
762 4131 811 4193 τὰς
834 4131 955 4196 παρειάς,
980 4131 1007 4185 αἱ
1030 4133 1098 4184 κατὰ
1122 4135 1245 4196 παρειῶν
1267 4131 1311 4184 ἐπ’

140 4223 259 4288 εὐθείαις
280 4225 311 4276 ἐν
330 4224 484 4290 πυκνότητι
495 4228 610 4290 πρῶτον
624 4226 881 4290 ἀναβλαστάνουσα
894 4227 989 4293 τρίχες.
1028 4228 1196 4294 Quibuscum
1219 4233 1311 4282 nostra

138 4324 300 4395 significatio
325 4325 407 4378 Wolle
425 4324 495 4379 bene
514 4329 696 4394 comparatur.
760 4378 761 4381 ,
