3159 4942
754 197 972 260 ..38-

277 393 365 456 *locor
387 392 585 458 adhibuisse.
608 441 609 444 ι
632 393 697 458 Sed
732 395 788 477 qui
823 395 884 460 sihi
919 397 1147 478 persuaserint,
1182 419 1280 463 voces
1315 401 1462 463 iteratas
1558 378 1559 381 ί

281 518 503 600 operariorum
534 520 702 584 cantilenis
725 521 918 603 praecipuas
947 526 980 587 et
1008 525 1157 605 proprias
1186 545 1268 603 esse,
1300 527 1374 590 loco
1399 525 1459 588 illo

280 643 460 720 Ranarum
485 644 605 726 quippe
626 665 695 727 *quo
718 646 759 710 do
775 649 903 711 textura
926 651 1050 729 agatur,
1075 650 1202 714 textorii
1216 650 1334 714 cantici
1352 670 1460 734 quae·

280 769 357 833 dam
381 770 660 835 indicia'fortasse
684 769 888 852 agnoscent.¹
1006 826 1008 829 .
1084 824 1085 827 ,
1255 778 1257 781 ’

371 892 463 970 Quae
498 894 671 958 sententia
693 895 823 960 scholiis
859 898 901 961 ad
924 897 1012 961 Ran.
1033 919 1064 962 v.
1092 900 1178 962 1314
1211 903 1244 963 et
1270 901 1355 964 1315
1391 901 1455 964 ad-

282 1020 408 1101 scriptis
436 1018 535 1085 etiam
558 1021 781 1085 confirmatur:
811 1019 927 1084 εἰειειει..
957 1016 1008 1085 ,Ἡ
1033 1023 1199 1100 έπέκτασις
1222 1021 1280 1086 ’τοῦ
1304 1024 1455 1088 εἰείείλίσ·

283 1154 357 1225 σετε
391 1144 470 1206 κατὰ
504 1143 644 1230 μίμησιν
664 1142 780 1223 εἴρηται
814 1149 870 1222 τῆς
900 1147 1093 1223 μελοποιίας;
1129 1147 1247 1211 deinde
1282 1147 1454 1212 ἱστότονα;

283 1265 368 1344 Τοὺς
392 1267 511 1344 ἱστοὺς,
537 1268 595 1344 οὓς
618 1267 652 1331 ἐν
676 1273 722 1350 τῷ
745 1266 813 1345 ἀέρι
836 1266 866 1330 αἱ
889 1267 1020 1347 ἀράχναι
1035 1268 1218 1346 ὑφαίνουσι.
1257 1269 1395 1351 λάμβανε
1419 1276 1457 1335 δέ

285 1390 349 1454 ἀπὸ
374 1395 482 1454 κοινοῦ
506 1390 629 1468 εἰςτὰς
659 1393 787 1470 μελέτας
810 1392 847 1454 τὸ
872 1390 1023 1455 εἰλίσσετε
1053 1390 1179 1471 οὑτως·
1219 1396 1268 1457 καὶ
1297 1394 1457 1461 εἰλίσσετε

282 1517 410 1594 μελέτας
433 1515 573 1594 κερκίδος
596 1515 726 1579 ἀοιδοῦ·
757 1517 932 1592 τουτέστιν,
957 1516 1068 1594 ὥσπερ
1087 1517 1118 1580 αἱ
1134 1518 1303 1597 ὑφάντριαι
1319 1520 1369 1582 διὰ
1385 1525 1455 1584 τιὺν

282 1640 431 1719 κερκίδων
455 1643 598 1717 γυναῖκες
621 1640 655 1704 ἐν
678 1645 724 1724 τῷ
748 1641 893 1720 ὑφαίνειν
922 1641 1066 1723 ᾄδουσιν,
1097 1639 1185 1707 οὑτω
1215 1645 1265 1706 καὶ
1295 1644 1391 1722 ὑμεῖς,
1426 1645 1455 1708 ὦ

282 1765 424 1846 ἀράχναι.
470 1766 650 1844 πηνίσματα
666 1768 717 1843 δὲ,
741 1765 926 1846 ὑφάσματα.

372 1893 559 1958 Putaverim
582 1893 679 1975 igitur
702 1894 888 1977 Euripidem
917 1894 1087 1959 textricum
1110 1895 1230 1959 modos
1256 1895 1387 1958 novisse
1421 1900 1456 1959 et

283 2019 427 2101 quodam
442 2018 514 2083 loco
531 2019 592 2083 sibi
608 2020 837 2102 assumpsisse3
854 2019 1106 2102 Aristophanem
1123 2023 1233 2084 autem
1248 2021 1319 2085 illos
1334 2022 1454 2085 modos

282 2146 328 2209 ita
350 2145 512 2209 imitatum
535 2166 615 2224 esse,
647 2149 683 2211 ut
711 2147 861 2211 textrices
890 2147 1010 2211 faceret
1033 2145 1123 2210 verbi
1150 2144 1280 2209 εἱλίσσω
1310 2148 1455 2228 primam

282 2272 441 2355 syllabam
464 2273 594 2355 saepius
617 2274 830 2338 clamitantes

373 2396 513 2461 Suorum
543 2399 727 2478 temporum
757 2397 911 2493 textorias
934 2397 1111 2461 cantilenas
1139 2396 1303 2461 loannes
1327 2395 1454 2480 Chry-

282 2525 477 2586 sostomus
501 2521 776 2598 commemoravit,
802 2520 892 2584 cuius
915 2521 1100 2584 testimonio
1123 2520 1167 2584 nil
1190 2521 1308 2585 dicitur
1329 2521 1419 2584 novi.

371 2647 418 2711 De
448 2647 526 2711 iulo
551 2647 685 2724 cantico,
718 2647 796 2729 quid
820 2647 946 2729 antiqui
976 2647 1146 2729 scriptores
1176 2646 1356 2723 docuerint,
1387 2646 1457 2710 iam

283 2774 534 2838 consideremus
1333 2770 1338 2778 ’
1424 2750 1427 2757 ’

334 2974 336 2977 ,
371 2901 470 2983 Apud
493 2900 701 2981 Athenaeum
724 2900 797 2963 XIV
813 2921 844 2982 p.
862 2899 954 2963 618d
977 2899 1127 2980 leguntur
1149 2898 1246 2962 haec:
1262 2899 1401 2975 ,Σῆμος
1425 2892 1454 2960 δ’
1558 2956 1559 2969 ,

284 3025 302 3088 ὁ
331 3028 451 3104 Δήλιος
485 3026 519 3090 ἐν
553 3031 599 3109 τῷ
630 3026 699 3103 περὶ
729 3024 889 3089 Παιάνιυν,
913 3024 994 3103 φησί
1025 3022 1072 3106 (F.
1089 3023 1129 3087 H.
1148 3022 1184 3101 G.
1201 3023 1244 3085 IV
1262 3018 1356 3103 495l·
1395 3024 1457 3097 „rd
1558 3052 1559 3091 1

283 3151 444 3231 δράγματα
474 3154 539 3215 τῶν
569 3154 689 3229 κριθῶν
719 3149 800 3213 αὑτά
830 3149 902 3211 καθ’
927 3147 1007 3210 αὑτὰ
1037 3147 1279 3225 προσηγόρευον
1310 3146 1455 3226 ἀμάλας·
1558 3176 1559 3191 ι

284 3277 565 3354 συναθροισθέντα
589 3278 623 3337 δὲ
646 3275 694 3336 καὶ
718 3274 751 3336 ἐκ
773 3271 995 3353 πολλῶνμίαν
1018 3271 1171 3349 γενόμενα
1194 3272 1312 3349 δέσμην
1337 3272 1457 3351 οὔλους
1558 3240 1559 3285 l

283 3402 333 3464 καὶ
356 3401 503 3478 ἰούλους·
528 3401 577 3463 καὶ
593 3402 650 3478 τήν
667 3400 820 3476 Δήμητρα
843 3396 897 3467 ὁτὲ
920 3399 974 3501 μὲν
991 3395 1103 3475 Χλόην,
1128 3395 1182 3458 ὁτὲ
1198 3399 1232 3458 δὲ
1247 3390 1366 3460 Ἰουλώ.
1391 3397 1456 3461 ἀπὸ
1558 3412 1559 3415 ’

284 3532 349 3592 τῶν
374 3527 433 3592 οὑν
463 3531 519 3604 τῆς
542 3527 712 3604 Δήμητρος
742 3523 926 3603 εὑρημάτων
957 3509 1033 3603 τούς
1063 3541 1096 3584 τε
1126 3523 1268 3600 καρποὺς
1298 3523 1347 3584 καὶ
1377 3524 1457 3601 τοὺς

284 3651 405 3731 ὑμνους
427 3653 504 3728 τοὺς
527 3649 571 3726 είς
594 3651 650 3727 τήν
681 3649 759 3712 θεὸν
790 3647 906 3724 οὔλους
936 3627 1068 3710 καλοῦσι
1098 3647 1147 3709 καὶ
1178 3645 1324 3724 ἰούλους·
1362 3649 1458 3725 δημή-

284 3781 412 3857 τρουλοι
435 3776 485 3839 καὶ
508 3775 692 3839 καλλίουλοι.
738 3774 789 3836 καὶ
831 3814 835 3821 -

376 3965 445 4019 ¹Ad
468 3964 675 4022 hociudicium
700 3962 858 4017 Fritsehii
883 3962 1016 4017 sententia
1041 3962 1142 4031 optime
1169 3963 1292 4031 quadrat,
1319 3963 1365 4032 qui
1389 3965 1459 4019 haec

287 4061 492 4117 animadvertit:
518 4062 686 4130 diphthongo
705 4077 785 4130 saepe
804 4061 916 4131 repetita
935 4077 998 4113 eum
1016 4060 1106 4128 ipsum
1124 4076 1222 4113 sonum
1240 4059 1393 4116 imitatione
1416 4080 1461 4117 ex·

287 4163 375 4232 primi,
395 4179 476 4230 quem
494 4161 548 4216 tela
565 4161 636 4215 inter
653 4162 802 4215 texendum
820 4161 898 4215 edere
916 4161 1008 4225 soleat,
1028 4177 1061 4214 ex
1080 4178 1112 4214 eo
1131 4165 1251 4229 apparet,
1270 4161 1342 4228 quod
1362 4161 1427 4215 eth.
1441 4162 1459 4214 l.

283 4262 399 4331 ‚etinfra
416 4280 443 4333 ν.
459 4260 527 4316 1348
545 4262 578 4316 de
591 4262 655 4342 sola
673 4261 762 4330 agitur
779 4264 886 4315 textura
904 4259 1016 4325 (Comm.
1036 4260 1070 4313 ad
1088 4258 1169 4314 Arist.
1182 4260 1252 4314 Rau.
1271 4260 1381 4329 p.,400).
