3159 4942
462 241 804 342 =--aa-

110 447 288 510 stantivum
315 414 404 520 Laid,
429 444 481 507 ille
505 443 554 506 vir
575 443 690 507 doctus
714 461 755 506 ex
779 436 979 506 Graecorum
1001 436 1157 504 lamento
1173 438 1281 500 ἐλελεῦ
1307 489 1310 497 .

109 570 270 634 vocabula
293 568 437 644 ἐλέλινος,
463 567 589 643 ἐλεινος,
614 566 725 643 ἐλινος,
750 565 837 642 λίνος
860 564 1009 629 derivare
1032 564 1149 628 studet.

199 687 406 757 Welckerum
429 693 641 774 grammatica
664 712 725 756 sua
747 691 980 773 interpretandi
1009 688 1135 754 ratione
1158 693 1280 753 rectam

111 820 198 884 viam
214 821 395 901 ingressum
416 791 486 882 esse
507 818 651 882 dixerim.
699 816 807 881 Verba
822 815 918 892 λίνος,
943 812 1061 892 αἴλινος
1076 814 1282 880 ex'clamosis

60 922 64 926 ⁴
114 939 310 1026 quibusdam
333 943 497 1026 particulis
521 944 629 1007 efficta
652 946 685 1006 et
708 944 750 1006 ad
774 944 835 1007 has
859 941 985 1006 radices
1012 940 1184 1005 referenda
1211 960 1283 1004 esse

112 1069 193 1131 mihi
216 1063 391 1133 videntur.¹
437 1068 551 1150 Neque
574 1069 685 1149 magni
709 1069 851 1143 interest,
879 1071 989 1130 utrum
1011 1068 1173 1131 elementa
1195 1067 1284 1148 prin-

114 1193 230 1275 cipalia
252 1194 356 1275 magis
372 1193 491 1258 fuerint
508 1178 728 1259 consonantia
745 1189 871 1269 (ἐλελεῦ,
896 1188 1043 1270 ἐλελινευ)
1063 1211 1107 1254 an
1122 1187 1282 1257 resalium

111 1314 290 1384 litterarum
314 1317 368 1398 (αἴ,
393 1316 433 1398 εἰ)
455 1319 505 1383 vis
528 1318 754 1400 praevaluerit.
1237 1314 1239 1318 ’

202 1444 268 1508 Sed
290 1463 398 1527 neque
413 1445 612 1526 Brugschius
635 1463 742 1526 neque
758 1442 949 1506 Welckems
964 1443 1043 1506 satis
1063 1445 1283 1524 respexerunt,

116 1587 280 1649 quanam
304 1569 507 1632 occasione
525 1569 603 1633 data
618 1568 691 1633 illae
708 1568 960 1632 exclamationes
976 1567 1152 1631 sonuerint.
1188 1566 1284 1644 Quod

114 1691 142 1754 si
164 1692 361 1771 statuissent,
386 1693 478 1757 facile
501 1676 732 1758 intellexissent
747 1713 815 1758 non
830 1714 871 1757 ex
894 1693 1044 1757 omnibus
1067 1692 1107 1756 de
1123 1691 1199 1774 λίνῳ
1216 1711 1285 1756 car·
1317 1758 1320 1762 ,

114 1817 203 1880 mine
224 1817 415 1881 testimoniis
438 1818 609 1899 lugubrem
632 1819 702 1882 eius
724 1821 878 1882 naturam
901 1817 1036 1881 elucere.

204 1941 312 2023 Atque
328 1946 455 2006 constat
474 1963 552 2006 sane
576 1942 665 2025 apud
680 1943 821 2024 tragicos
837 1963 950 2007 vocem
966 1938 1084 2004 αἴλινον
1107 1941 1140 2004 in
1156 1942 1285 2022 lugubri

116 2085 178 2128 usu
202 2068 323 2131 versari
347 2064 646 2149 (Aesch.Ag.1bd‚
674 2068 747 2145 137,
774 2068 847 2144 154,
873 2048 1023 2149 Sophocl.
1047 2067 1099 2130 Αἱ.
1117 2067 1180 2131 aar
1211 2087 1286 2131 cunr

116 2192 248 2271 scholio,
273 2193 380 2275 Eurip.
398 2193 470 2257 Hel.
490 2190 575 2275 171).
623 2194 689 2263 Sed
711 2196 776 2259 iarn
793 2196 1030 2277 Aristophanes
1054 2195 1287 2276 grammaticus

117 2316 226 2398 Eurip.
257 2315 351 2382 Herc.
387 2318 446 2382 lur.
486 2339 516 2383 ν.
550 2321 614 2384 348
652 2321 804 2384 subnisus
843 2319 881 2383 οὐ
913 2319 1013 2398 μόνον
1049 2321 1083 2386 ἐν
1122 2320 1286 2396 πένθεσιν,

117 2441 266 2504 ἀλλὰκαὶ
290 2434 338 2503 ἐπ’
363 2441 481 2522 εὐτυχεῖ
504 2446 608 2526 μολπᾷ
637 2446 726 2509 illum
749 2445 836 2509 λίνον
866 2445 917 2510 vel
948 2444 1065 2508 αἴλινον
1096 2450 1287 2527 conceptum

117 2589 188 2633 esse
212 2570 317 2633 refert.
364 2569 547 2634 Scholiasta
570 2571 613 2634 ad
633 2571 741 2652 Eurip.
765 2570 870 2634 Orest.
892 2592 922 2634 v.
948 2572 1034 2635 1390
1062 2561 1112 2634 καί
1139 2570 1188 2632 ἐπὶ
1211 2570 1287 2647 θρή-

118 2713 177 2780 νου
208 2694 257 2756 καὶ
289 2690 389 2772 ἱίμνου
422 2694 523 2757 linum
553 2698 746 2776 usurpatum
776 2715 846 2759 esse
881 2695 971 2771 dici13
1010 2695 1191 2778 Hesychius
1214 2716 1239 2759 s
1256 2715 1289 2761 x.

119 2818 249 2896 αἴλινος
281 2815 390 2896 ὕμνος,
421 2822 557 2898 θρῆνος;
588 2820 636 2884 Et.
653 2820 694 2883 M.
713 2841 738 2884 s,
756 2841 785 2883 v.
811 2818 942 2884 αἴλινον;
972 2823 1069 2884 τοῦτο
1093 2821 1142 2883 ἐπὶ
1166 2822 1288 2900 θρήνου

119 2945 251 3022 ἐτίθετο,
275 2944 325 3006 καὶ
348 2944 382 3007 ἐν
410 2943 583 3022 ἐφυμνίοις.
630 2944 722 3022 Quae
746 2946 801 3028 qui
825 2949 954 3027 reputat
977 2946 1033 3010 lini
1049 2946 1201 3010 carminis
1216 2950 1290 3010 tan·

119 3074 190 3134 tum
212 3071 383 3152 lugubrem
406 3075 558 3134 naturam
581 3071 678 3135 fuisse
702 3072 755 3134 vix
778 3071 929 3135 habuerit
950 3091 1010 3153 pro
1031 3091 1118 3136 vero.
1153 3071 1197 3135 At
1212 3090 1290 3135 vera

118 3196 176 3259 lini
199 3196 323 3260 indoles
346 3197 384 3260 iis
407 3197 554 3260 versibus
577 3197 743 3278 explanari
766 3196 904 3274 videtur,
928 3197 984 3278 qui
1006 3216 1026 3259 a
1049 3195 1224 3260 scholiasta
1248 3195 1290 3259 ad
1337 3246 1340 3251 <

120 3320 217 3384 Hom.
234 3321 268 3385 ll.
286 3322 313 3383 Σ
328 3321 393 3385 570
417 3321 487 3385 cod.
505 3320 630 3385 Townl.
647 3319 792 3385 Hesiodo
816 3321 1027 3385 addicuntur:
1100 3342 1103 3349 ι

282 3488 415 3569 (Λίνον),

283 3614 320 3676 ὃν
344 3617 391 3691 δὴ,
416 3613 491 3677 ὅσοι
515 3614 623 3693 βροτοί
646 3614 724 3678 εἴσιν
748 3613 850 3677 ἀοιδοὶ
873 3616 922 3677 καὶ
945 3615 1132 3692 κιθαρισταί,
1236 3673 1239 3677 ,

282 3737 399 3815 πάντες
423 3741 477 3815 μὲν
500 3741 677 3816 θρηνοῦσιν
700 3738 735 3802 ἐν
758 3718 927 3816 εἰλαπίναις
950 3760 984 3802 τε
1006 3715 1113 3819 χοροῖς
1136 3761 1170 3803 τε

284 3861 487 3941 ἀρχόμενοι
510 3865 548 3925 ot
571 3863 683 3927 Λίνον
706 3864 764 3926 καὶ
786 3865 968 3940 λήγοντες
991 3864 1203 3927 καλέουσιν.

212 4048 307 4113 Unde
330 4050 435 4114 elucet
456 4051 562 4114 modis
582 4054 614 4114 et
637 4052 669 4114 in
686 4051 777 4114 initio
793 4054 826 4115 et
848 4052 882 4114 in
897 4051 962 4114 fine
979 4050 1120 4114 cuiusvis
1143 4051 1294 4114 carminis
1332 4112 1334 4115 .

121 4175 284 4257 ponendis
308 4172 425 4241 αἴλινον
449 4176 499 4240 vel
530 4175 632 4240 simile
656 4174 824 4257 quoddam
852 4178 1019 4239 cantatum
1046 4194 1126 4238 esse.
1174 4176 1295 4239 Inter-

215 4338 224 4369 ¹
242 4332 373 4400 Idemque
391 4332 511 4386 iudicant
530 4333 731 4387 Stammerus
749 4337 775 4386 et
795 4332 1070 4386 Wilamowitzius
1088 4331 1106 4383 l.
1120 4348 1141 4384 s

1162 4430 1188 4472 3*
