3159 4942
704 264 742 328 17
791 298 832 306 -

229 459 383 539 Τυρρηνοὶ
415 463 449 523 δὲ
483 465 529 544 τῷ
553 433 845 538 Ἀριστοτέλους
875 459 925 542 (fr.
949 462 1025 551 467,
1050 456 1128 541 605)
1158 460 1244 543 λόγῳ
1274 459 1313 522 ού
1371 516 1373 519 .

139 583 350 647 πυκτεύουσιν
366 576 420 646 ὑπ’
434 582 520 666 αύλῷ
533 582 643 661 μόνον,
660 582 738 645 ἀλλὰ
753 583 802 645 καὶ
818 586 1008 660 μαστιγούσι
1023 584 1072 646 καὶ
1085 582 1312 661 ὀψοποιούσιν.

229 707 343 789 Neque
356 707 545 771 Athenaeus
568 728 675 789 neque
687 707 803 772 Pollux
825 708 925 773 ullam
948 709 1089 774 litteram
1105 728 1315 791 consumpse-

140 836 227 909 runt,
257 852 323 914 qua
346 832 581 910 ostenderetur,
613 833 727 914 quanti
749 834 907 898 momenti
934 834 1079 916 ipsorum
1108 838 1215 899 aetate
1238 853 1316 898 oan-

139 958 259 1021 tilenae
283 957 357 1022 illae
380 957 526 1021 tuissent.
562 956 635 1035 Quo
658 958 791 1022 maioris
814 958 1105 1022 ecclesiastieorum
1121 958 1315 1039 scriptorum

142 1083 208 1147 duo
247 1082 433 1147 testimonia
462 1082 618 1146 habenda
647 1086 739 1161 sunt,
775 1083 895 1164 quibus
924 1083 1133 1146 manifestum
1167 1083 1204 1146 fit
1242 1085 1317 1165 post

140 1206 305 1270 Christum
328 1211 444 1272 natum
467 1210 584 1288 quarto
601 1206 651 1271 vel
675 1207 789 1287 quinto
805 1207 935 1271 saeculo
951 1208 1174 1288 operariorum
1190 1207 1317 1272 cantica

143 1331 198 1395 illa
222 1330 347 1394 Graeca
370 1330 517 1395 nondum
540 1329 640 1394 fuisse
663 1330 813 1395 extincta.

232 1456 318 1519 Nam
334 1455 504 1520 ioannes
520 1456 822 1540 Chr'ysostomus
843 1457 876 1521 in
893 1457 1026 1521 homilia
1043 1458 1076 1520 in
1097 1457 1259 1539 psalmum
1273 1457 1312 1520 51

142 1582 225 1646 haee
247 1579 381 1662 protulit
404 1577 533 1660 (Migne,
550 1579 671 1643 Patrol.
689 1578 802 1643 Graec.
819 1600 894 1662 opp.
912 1579 1077 1663 Chrysost.
1095 1580 1132 1659 V,
1156 1601 1189 1662 p.
1209 1576 1315 1660 156)¹:

144 1702 239 1768 Ούτω
266 1707 345 1780 γούν
368 1704 458 1782 ἡμῶν
480 1703 499 1782 ἡ
523 1704 623 1782 φύσις
645 1704 728 1782 πρὸς
750 1704 790 1766 τὰ
818 1704 945 1786 ᾄσματα
971 1704 1021 1767 καὶ
1048 1705 1088 1766 τὰ
1115 1705 1188 1782 μέλη
1216 1703 1318 1783 ἡδέως

143 1826 203 1910 ἔχει
226 1831 275 1893 καὶ
291 1829 413 1907 οἰκείως
433 1829 479 1907 ὡς
494 1831 534 1893 τὰ
549 1830 705 1908 ύπομάζια
728 1831 835 1894 παιδία
857 1831 1146 1910 κλαυθμυριζόμενα
1168 1832 1218 1894 καὶ
1241 1835 1317 1894 δυσ·

143 1955 329 2036 χεραίνοντα
370 1952 457 2018 ούτω
499 1956 782 2035 κατακομίζεσθαι.
842 1956 879 2020 Αἱ
923 1961 1003 2033 γοῦν
1041 1958 1145 2022 τίτθαι
1186 1958 1220 2020 ἐν
1250 1959 1318 2034 ταῖς
1362 1962 1364 1967 ’

144 2081 293 2160 ἀγκάλαις
316 2082 397 2146 αὐτὰ
413 2083 640 2162 βαστάζουσαι,
665 2082 814 2160 πολλάκις
837 2082 989 2146 ἀπιοῦσαί
1004 2103 1038 2146 τε
1058 2083 1107 2145 καὶ
1130 2083 1319 2147 ἑπανιούσαι

59 2264 64 2275 .
145 2207 195 2269 καί
218 2228 287 2272 τινα
310 2207 420 2286 αὐτοῖς
442 2210 677 2292 κατεπᾴδουσαι
705 2207 832 2291 ᾄσματα
855 2207 989 2284 παιδικά,
1014 2205 1121 2285 οὕτως
1144 2206 1252 2272 αὐτῶν
1279 2207 1319 2269 τὰ

144 2332 287 2409 βλέφαρα
310 2330 573 2408 κατακοιμίζουσι.
621 2331 684 2394 Διὰ
707 2333 805 2393 τούτο
829 2330 878 2393 καὶ
895 2329 1061 2407 ὁδοιπόροι
1076 2330 1224 2409 πολλάκις
1240 2332 1319 2394 κατὰ

144 2456 336 2548 μεσημβρίαν
360 2456 547 2533 ἐλαύνοντες
570 2455 724 2531 ύποζύγια
747 2455 881 2538 ᾄδοντες
910 2458 1007 2518 τούτο
1038 2458 1168 2519 ποιοῦσι
1197 2458 1254 2534 τὴν
1284 2457 1318 2518 ἐκ

144 2585 202 2658 τῆς
225 2579 409 2658 ὁδοιπορίας
432 2579 645 2658 ταλαιπωρίαν
668 2583 736 2657 ταῖς
761 2582 858 2664 ᾠδαῖς
881 2580 1011 2657 ἐκείναις
1027 2580 1317 2658 παραμυθούμενοι.

146 2709 200 2771 Καὶ
227 2707 362 2786 γηπόνοι
393 2709 643 2785 ληνοβατούντες
677 2707 726 2769 καὶ
753 2710 935 2785 τρυγῶντες
961 2707 1010 2769 καὶ
1038 2706 1197 2783 ἀμπέλους
1224 2709 1318 2784 θερα-

144 2834 298 2911 πεύοντες
331 2833 381 2895 καὶ
415 2830 491 2896 ἄλλο
527 2830 634 2896 δτίούν
675 2830 878 2909 ἐργαζόμενοι
911 2829 1059 2907 πολλάκις
1088 2829 1212 2911 ᾄδουσι.
1265 2830 1319 2892 Καὶ

145 2961 257 3022 ναύται
291 2959 553 3035 κωπηλατούντες
583 2958 680 3019 τούτο
711 2939 871 3019 ποιοῦσιν.
921 2953 998 3032 Ἤδη
1034 2956 1068 3017 δὲ
1098 2954 1147 3017 καὶ
1176 2957 1319 3031 γυναῖκες

146 3081 376 3160 ἱστουργούσαι
410 3081 459 3143 καὶ
489 3085 526 3164 τῇ
555 3079 667 3158 κερκίδι
694 3081 772 3157 τοὺς
796 3080 959 3157 στήμονας
983 3080 1234 3159 συγκεχυμένους
1256 3082 1319 3141 δια-

145 3205 319 3284 κρίνουσαι,
344 3202 491 3281 πολλάκις
514 3206 570 3282 μὲν
593 3203 642 3266 καὶ
665 3197 738 3266 καθ’
763 3203 877 3281 ἑαυτὴν
901 3203 1027 3280 ἑκάστη,
1052 3202 1199 3280 πολλάκις
1223 3203 1320 3266 δὲκαὶ

147 3330 336 3409 συμφώνως
370 3327 493 3392 ἅπασαι
526 3327 598 3406 μίαν
628 3328 697 3391 τινὰ
727 3327 884 3409 μελῳδίαν
915 3326 1059 3410 ᾄδουσιν.
1117 3326 1257 3391 Ποιούσι
1287 3329 1321 3389 δέ

146 3457 244 3518 τούτο
277 3454 326 3516 καὶ
353 3456 497 3530 γυναῖκες
529 3453 578 3515 καὶ
606 3451 741 3530 γηπύνοι
768 3452 818 3514 καὶ
845 3454 956 3515 ναύται
982 3457 1029 3535 τῷ
1057 3451 1173 3535 ᾄσματι
1200 3451 1258 3515 τὸν
1288 3451 1321 3514 ἐκ

147 3586 214 3647 τῶν
238 3581 342 3660 ἔργων
366 3580 469 3645 πόνον
493 3579 786 3658 παραμυθήσασδαι
815 3578 1021 3655 σπεύδοντες,
1051 3577 1096 3655 ὡς
1124 3581 1180 3655 τῆς
1208 3581 1320 3658 ψυχῆς,

149 3743 361 3753 -d————-

239 3855 248 3886 ¹
267 3850 307 3902 De
324 3850 377 3903 hoe
400 3846 585 3915 chrysostomi
608 3845 668 3900 loeo
687 3845 822 3913 imprimis
841 3845 988 3913 disputavit
1010 3845 1072 3898 Ant.
1091 3844 1231 3911 Naegele
1249 3844 1266 3897 1.
1285 3861 1322 3906 ο.;

148 3947 198 4001 sed
223 3947 296 4014 quod
323 3947 347 3999 is
372 3945 510 3999 contendit
537 3944 720 4011 Chrysostomi
749 3943 833 3997 verba
859 3948 940 3996 antea
966 3960 1025 3997 esse
1051 3942 1173 4009 neglecta
1198 3943 1232 4010 (p.
1254 3943 1322 4006 101),

147 4044 273 4113 equidem
295 4060 390 4098 eorum
416 4043 538 4095 virorum
566 4041 727 4094 memoriam
753 4040 946 4106 revocaverim,
972 4039 1019 4109 qui
1044 4041 1227 4108 Chrysostomi
1252 4039 1323 4093 testi·

147 4143 272 4196 monium
297 4141 353 4194 iam
379 4139 571 4194 adhibuerant:
598 4139 662 4192 Otto
682 4138 822 4192 Boeokel
839 4117 857 4191 l'.
877 4155 908 4202 a,
927 4156 952 4206 p.
966 4139 1031 4201 LXI,
1052 4142 1078 4191 et
1096 4138 1188 4192 Herm.
1207 4137 1322 4200 Reich‚

146 4239 209 4295 Der
221 4250 225 4258 “
239 4241 345 4294 Mimos
370 4239 461 4302 1397,
489 4240 595 4305 dequo
615 4254 640 4290 ν.
659 4237 718 4290 Rio.
738 4235 913 4300 Wuenseh,
940 4236 1019 4290 Hero.
1039 4238 1085 4289 Bt.
1104 4237 1126 4301 f.
1146 4236 1322 4299 Volksicunde,

147 4339 203 4392 Bd.
216 4339 258 4400 II,
277 4355 302 4405 p.
324 4337 356 4389 77
376 4353 416 4404 sq.

1187 4429 1216 4470 2*
