3159 4942
578 257 801 320 ..25-

107 449 252 531 poribus,
276 469 349 514 cunr
375 450 513 532 pistores
536 452 684 515 nondum
706 471 767 515 nec
790 451 935 515 surnaria
957 450 1094 533 pistrina
1108 453 1282 523 exstarent,

108 592 240 655 quaque
275 572 308 636 in
338 572 437 637 domo
470 574 558 638 mola
592 575 753 638 manualis
788 575 924 639 inveniri
957 578 1095 657 poterat.
1141 574 1284 638 Molendi

108 698 217 762 officia
239 698 379 762 feminae
402 695 640 780 praestabant.¹
686 700 816 778 Postea,
841 719 915 764 cum
939 720 959 762 a
982 698 1165 762 domesticis
1189 719 1284 762 occu·

107 822 294 904 petionibus
317 823 461 887 molendi
484 824 655 888 artificium
678 827 886 906 segregatum
909 825 1003 898 esset,
1030 823 1073 887 ad
1095 823 1182 900 huuc
1198 823 1283 886 diffi-

108 949 201 1013 cilem
224 952 257 1012 et
280 969 454 1031 operosum
476 949 623 1013 laborem
642 950 727 1013 servi
751 949 1002 1014 adhibebantur.

198 1077 349 1141 Feminas
376 1077 533 1140 molentes
565 1078 745 1141 communis
775 1077 896 1141 laboris
926 1077 1078 1141 solatium
1107 1077 1153 1140 ita
1183 1096 1284 1159 quae-

107 1202 232 1279 sivisse,
257 1206 294 1267 ut
317 1203 495 1267 cantilenas
520 1205 684 1281 canerent,
709 1203 884 1266 scholiasta
907 1202 959 1265 ille
982 1204 1128 1276 testatur,
1160 1200 1217 1283 qui
1240 1200 1283 1264 ad

107 1326 338 1408 Aristophanis
367 1326 510 1390 Nubium
538 1347 568 1390 v.
594 1327 678 1390 1356
711 1346 785 1390 cum
814 1327 878 1390 alia
906 1325 1077 1389 adnotavit
1099 1328 1168 1389 tum
1184 1326 1282 1389 haec:

110 1450 227 1531 ᾄδουσι
249 1451 284 1512 δὲ
306 1448 338 1512 αἱ
364 1449 544 1527 ἀλήθουσαι
566 1450 645 1529 ὑπὲρ
669 1454 727 1514 τοῦ
751 1451 1029 1529 παραπέμψασθαι
1051 1450 1109 1513 τὸν
1132 1449 1282 1526 κάματον.

197 1575 246 1638 Ac
268 1575 389 1639 tradita
411 1579 461 1639 est
484 1576 645 1639 cantilena
669 1576 834 1658 quaedam
849 1575 995 1651 molaria,
1020 1594 1105 1656 quae
1121 1595 1142 1637 a
1160 1574 1284 1638 Lesbiis

107 1698 298 1762 mulieribus
322 1700 524 1777 cantabatur,
549 1700 582 1763 in
608 1700 810 1764 Plutarchi
841 1700 974 1782 Septem
997 1699 1192 1781 sapientium
1208 1717 1285 1762 con·
1323 1707 1326 1711 ’

111 1826 190 1889 vivii
213 1847 239 1890 c.
260 1827 310 1890 14.
359 1827 477 1890 Versus
500 1831 578 1890 sunt
600 1827 649 1891 bi:

268 1949 352 2015 Ἄλει
375 1952 455 2030 μύλα
478 1951 543 2016 ἄλει

269 2076 401 2155 καὶγὰρ
425 2076 584 2156 Πιττακὸς
607 2076 693 2156 dieii

269 2199 404 2279 μεγάλας
427 2201 608 2280 Μιτυλάνας
632 2198 836 2282 βασιλεύων.3

200 2327 298 2391 Cuius
333 2329 513 2394 cantilenae
540 2326 688 2408 uersus4,
730 2330 808 2412 quia
842 2329 1047 2393 translaticiis
1076 2329 1187 2393 metris
1217 2348 1282 2392 non

106 2455 243 2532 possent
266 2452 515 2529 accommodari,
545 2454 588 2517 ad
610 2474 799 2518 mensuram
822 2457 1014 2518 accentuum
1044 2457 1182 2535 panctos
1212 2473 1283 2516 esse

107 2575 354 2639 Ritschelius
378 2576 411 2638 in
434 2577 600 2658 Reisigii
622 2578 740 2642 iudicio
756 2578 846 2641 nisus
862 2578 989 2659 putavit
1001 2575 1099 2659 (Opp.
1111 2578 1134 2652 I,
1148 2599 1179 2660 p.
1193 2573 1288 2655 ⁶299).

107 2699 216 2776 Quam
240 2698 426 2780 opinionem
448 2687 639 2782 Bergkiu's
663 2721 794 2784 quoque
818 2705 947 2765 secutus
963 2705 1012 2765 est
1028 2698 1077 2782 (P.
1094 2701 1129 2765 L.
1147 2697 1217 2765 Gn*
1231 2702 1281 2776 III,

108 2849 141 2909 p.
159 2823 248 2906 672).
295 2826 410 2908 Neque
435 2847 512 2891 vero
536 2831 668 2910 propter
691 2848 793 2891 unum
816 2829 1001 2910 exemplum
1031 2828 1181 2892 arbitrari
1210 2828 1284 2892 licet

107 2950 250 3015 Graecos
274 2971 433 3034 umquam
455 2952 624 3016 metricam
647 2956 751 3017 artem
775 2973 795 3017 a
819 2953 1017 3036 syllabarum
1040 2973 1194 3017 mensura
1217 2972 1284 3016 non

61 3144 65 3151 ,
107 3070 291 3157 repetisse.·‘'
341 3075 423 3139 Curn
454 3079 564 3141 autern
595 3076 893 3141 Wilamowitzio
923 3098 964 3142 ne
994 3080 1121 3142 mutata
1152 3077 1284 3160 quidem

110 3199 325 3207 ——.—....-—-

202 3247 212 3280 ¹
230 3249 262 3304 V.
276 3248 369 3317 Odyss.
390 3267 406 3302 υ
428 3250 478 3303 106
497 3267 554 3318 sqq.

199 3351 210 3383 ²
229 3347 288 3400 diei
300 3348 376 3402 codd.
396 3349 455 3402 ἄλει
468 3349 530 3402 coni
558 3349 693 3402 Kocster
705 3349 723 3404 l.
737 3367 759 3403 o.
779 3350 869 3416 Quam
882 3351 1066 3405 coniecturam
1078 3351 1285 3407 Ritschelius

108 3441 178 3511 Opp.
193 3443 213 3507 1,
233 3460 258 3511 p.
271 3445 323 3497 299
343 3445 477 3500 refutavit.
498 3475 532 3484 -
552 3444 563 3475 ⁸
581 3446 611 3499 V.
631 3446 806 3502 Aelianum
825 3466 932 3516 quoque
951 3450 982 3506 V.
995 3450 1028 3503 H.
1041 3449 1076 3502 Vl
1089 3450 1114 3504 4.

154 3605 157 3611 ,
200 3542 211 3573 ⁴
229 3545 286 3598 Hos
305 3562 401 3599 versus
419 3564 436 3599 a
455 3546 583 3600 Cleareho
601 3564 650 3615 per
667 3548 808 3617 Hermippi
827 3549 904 3616 quasi
923 3549 1043 3602 cribrum
1062 3550 1096 3602 ad
1109 3548 1285 3601 Plutarchum

106 3641 245 3697 effluxisse
260 3642 351 3699 Udalr.
364 3644 398 3699 de
410 3644 884 3700 Wilamowitz-Moellendorfl
899 3663 951 3699 nos
969 3646 1061 3699 docuit
1073 3646 1195 3710 (Hermes
1205 3646 1285 3709 XXV,

107 3757 135 3808 p.
146 3740 216 3805 226).

199 3836 210 3868 ⁶
229 3837 322 3892 Graeci
341 3843 503 3893 accentuum
521 3841 610 3894 modis
628 3844 687 3894 tum
705 3842 817 3895 demum
835 3841 926 3894 metiri
938 3840 1070 3904 solebant,
1091 3857 1153 3894 cum
1166 3841 1286 3894 christia·

107 3951 208 3989 norum
228 3937 381 3990 carminum
400 3938 588 4005 religiosorum
608 3943 694 3993 artem
717 3938 858 3992 metricam
889 3942 1029 3991 noverant.
1071 3938 1110 3992 De
1134 3939 1186 3991 hac
1211 3955 1285 3992 rev.

107 4034 177 4087 Guil.
197 4033 314 4102 Meyer,
350 4037 486 4091 Abbondl.
507 4038 533 4092 d.
553 4037 665 4107 Konipl.
686 4039 775 4106 Buyr.
797 4037 943 4092 Alcedonia
970 4037 995 4090 d.
1021 4036 1184 4091 Wissensclr.
1204 4036 1284 4100 XVII,

107 4135 175 4185 tom.
186 4131 219 4195 Il,
240 4130 272 4183 cl.
293 4129 313 4182 I.
351 4130 405 4184 Nec
423 4131 613 4184 Romanorum
632 4148 726 4185 versus
745 4125 888 4184 Saturnius
907 4136 1068 4186 accentuum
1087 4132 1208 4185 numeris
1231 4136 1285 4185 ute·

108 4229 198 4283 batur.
236 4229 315 4294 Quod
339 4245 426 4297 nuper
449 4230 517 4282 mihi
536 4230 645 4297 quidem
665 4231 790 4298 probavit
808 4231 909 4285 Frider.
928 4231 1002 4294 Leo,
1031 4232 1092 4285 Der
1110 4230 1288 4284 Saturni-sobe

113 4327 189 4395 Vero,
207 4327 343 4381 Abhcudl.
362 4329 388 4380 d.
407 4328 521 4399 Kduiql.
537 4327 597 4383 Ges.
618 4329 643 4382 d.
664 4329 826 4384 Wissenoclr.
842 4329 997 4399 Gdtlinqen,
1026 4334 1091 4382 tom.
1105 4328 1174 4394 Vlli,
1194 4330 1239 4383 Νι.
1260 4332 1283 4383 5.
