3159 4942
594 250 812 313 -45-

116 449 406 527 παραμυθούμενοι.
453 448 547 514 Unde
578 452 611 514 et
640 448 898 531 philostorgii
928 468 992 513 vox
1021 448 1075 512 illa
1103 430 1288 526 ὁδοιπορικά

117 573 321 655 intellegitur.
365 547 481 636 *Elucet
503 575 614 636 autem
637 575 796 655 pastores,
822 591 901 635 cunr
919 590 1018 653 pecus
1042 575 1215 653 pascerent
1237 571 1288 636 vel

119 701 270 763 armenta
305 697 531 779 propellerent,
570 696 719 761 canendo
753 695 833 759 nihil
868 695 972 777 egisse
1007 695 1070 759 nisi
1102 700 1137 760 ut
1167 696 1289 761 itineris

118 821 219 886 horas
242 821 399 886 fallerent.
445 820 560 884 Modos
583 839 706 898 eorum,
738 819 765 882 si
789 819 964 884 ohservare
987 818 1105 896 liceret,
1138 838 1205 883 non
1233 821 1291 886 ali-

118 965 200 1010 enos
223 965 491 1028 cognosceremus
515 945 628 1023 abiis,
660 946 716 1028 qui
747 945 914 1024 ἐμβατήρια
942 965 962 1008 ιι
986 944 1117 1009 Graecis
1140 946 1292 1011 nomina-

117 1069 264 1136 bantur.l

210 1196 296 1274 Quin
319 1195 526 1274 ἐμβατήρια
549 1215 680 1279 quoque
704 1197 850 1260 carmina
873 1196 916 1261 ab
933 1196 1047 1278 aequis
1063 1194 1292 1278 progrediendi

119 1323 320 1389 motionibus
350 1323 529 1404 repetenda
560 1323 633 1400 sint,
664 1316 774 1386 nemo
794 1322 1001 1387 dubitaverit.
1048 1321 1113 1386 Sed
1145 1340 1219 1386 cum
1250 1321 1291 1385 de

124 1449 186 1513 illis
210 1448 342 1513 canticis
365 1449 449 1512 inter
465 1468 578 1512 omnes
594 1448 679 1512 notis
695 1447 774 1512 nihil
791 1448 894 1530 possit
916 1448 1063 1531 proferri,
1088 1447 1176 1530 quod
1201 1446 1294 1511 novi-

124 1576 201 1638 tatis
225 1576 364 1657 gratiam
386 1574 553 1657 praebeat,
576 1575 671 1639 liceat
695 1595 735 1639 ea
757 1573 1009 1656 praetervolare.

106 1704 108 1707 ’
212 1699 438 1763 Athenaeus
457 1697 489 1780 (l.
497 1719 522 1763 s.
531 1719 562 1780 p.
575 1694 676 1779 618ε)
688 1719 749 1763 nos
761 1698 890 1764 edocet:
905 1696 936 1761 αἱ
948 1701 982 1762 δὲ
993 1702 1060 1762 τῶν
1072 1699 1292 1761 τιτθευουσῶν

122 1823 202 1908 ᾠδαὶ
222 1823 572 1901 καταβαυκαλήσεις
593 1821 814 1900 ὀνομάζονται.
843 1822 886 1887 Ut
900 1824 1080 1887 nutriculae
1095 1843 1172 1887 suas
1185 1824 1294 1888 colant

121 1949 300 2013 cantilenas
313 1950 532 2032 compluribus
544 1949 681 2015 efficitur
693 1949 810 2013 causis,
835 1949 920 2013 Nam
932 1950 1073 2030 primum
1086 1949 1177 2029 ipsae
1192 1947 1294 2011 nutri·

121 2073 213 2137 culae
226 2092 328 2138 cunas
344 2078 513 2138 moventes
525 2074 576 2138 vel
592 2094 712 2156 pueros
727 2074 761 2137 in
775 2073 935 2137 bracchiis
952 2076 1117 2155 gestantes
1133 2073 1294 2136 diutinum

121 2198 266 2262 laborem
294 2218 471 2263 exonerare
494 2201 647 2281 possunt,
672 2198 789 2263 deinde
818 2198 985 2280 vagientes
1008 2197 1100 2280 pueri
1122 2197 1294 2261 mulierum

122 2322 257 2388 vocibus
280 2328 313 2387 et
336 2323 534 2406 simplicibus
557 2343 671 2388 earum
694 2323 802 2387 modis
817 2323 901 2387 hene
917 2323 1160 2404 consopiuntur.
1195 2321 1294 2386 Cuius

124 2448 251 2530 generis
263 2448 296 2510 in
308 2446 434 2533 cantica
446 2448 610 2512 loannes
623 2446 922 2531 Chrysostomus
940 2449 1149 2531 praecipuam
1160 2447 1297 2530 diligen·

123 2570 203 2634 tiam
215 2571 346 2635 invertit
357 2571 407 2635 his
420 2571 540 2636 verbis:
557 2570 603 2648 ὡς
614 2571 663 2633 καὶ
673 2570 712 2634 τά
722 2570 879 2648 ὑπομάζια
890 2570 996 2633 παιδία
1008 2571 1296 2650 κλαυθμυριζόμενα

125 2695 175 2757 καὶ
198 2696 446 2775 δυσχεραίνοντα
469 2693 556 2759 οὕτω
579 2695 863 2773 κατακοιμίζεσθαι.
894 2670 936 2758 ΛΑἱ
951 2699 1030 2771 γοῦν
1046 2695 1148 2759 τίτθαι
1172 2697 1206 2760 ἐν
1229 2699 1297 2774 ταῖς

125 2817 272 2897 ἀγκάλαις
296 2818 375 2882 αὐτὰ
400 2819 627 2898 βαστάζουσαι,
651 2819 800 2896 πολλάκις
823 2819 974 2882 ἀπιοῦσαί
993 2839 1028 2882 τε
1044 2819 1092 2881 καὶ
1108 2819 1297 2883 ἐπανιοῦσαν

125 2943 175 3007 καί
198 2964 267 3007 τινα
290 2943 398 3020 αὐτοῖς
421 2945 656 3026 κατεπᾴδουσαι
679 2943 807 3026 ᾄσματα
830 2942 964 3017 παιδικά,
997 2939 1103 3019 οὓτως
1127 2942 1235 3006 αὐτῶν
1258 2947 1297 3009 τὰ

24 3147 29 3155 .
127 3070 268 3148 βλέφαρα
291 3069 572 3148 κατακοιμίζουσιν.
619 3070 656 3133 In
678 3070 741 3134 hoc
763 3070 835 3134 loco
859 3070 1103 3152 interpretando
1119 3071 1195 3134 Ant.
1212 3071 1298 3135 Nae-

127 3195 197 3277 gele
221 3191 253 3274 (l.
271 3214 296 3256 s.
321 3215 353 3276 p.
373 3194 434 3257 107
451 3190 514 3277 sq.)
544 3194 764 3258 Philodemi
795 3191 904 3274 (ruat
922 3190 1050 3273 Such),
1082 3194 1189 3259 Sexti
1212 3195 1298 3259 Em-

126 3321 239 3402 pirici
274 3319 369 3411 (πράς
400 3321 572 3398 μουσικούς
596 3321 671 3399 732
702 3321 752 3385 ed.
778 3320 905 3384 Bekker
934 3341 966 3402 p.
992 3317 1125 3401 lauat)
1161 3320 1297 3386 Galeni

128 3442 285 3525 (ὑγιεινῶν
308 3442 397 3519 λόγοι
420 3444 433 3506 Ι
456 3444 508 3508 ed.
532 3444 630 3508 Kirhn
648 3444 689 3508 Vl
712 3465 744 3526 p.
763 3445 805 3508 36
829 3464 855 3508 c.
874 3441 973 3527 7--sl
1005 3445 1191 3510 testimonia
1222 3465 1298 3511 con·

127 3572 210 3649 tulit,
235 3572 291 3653 qui
314 3570 356 3635 de
379 3570 614 3651 nutricularum
638 3571 771 3634 canticis
794 3571 940 3635 similiter
963 3572 1197 3637 iudicaverunt.

217 3695 312 3773 Quod
333 3698 444 3759 autem
461 3694 575 3758 Graeci
598 3695 771 3776 scriptores
795 3716 835 3759 ex
856 3696 918 3759 illis
942 3697 1110 3761 cantilenis
1133 3717 1175 3760 ne
1198 3715 1298 3759 unam

129 3819 262 3901 quidem
284 3819 461 3883 memoriae
491 3813 746 3900 propagarunt²‚
777 3838 844 3881 non
858 3902 860 3905 .
875 3819 1041 3883 miramur.
1088 3819 1297 3884 Grammatici

221 4029 229 4060 ¹
251 4030 376 4083 Ceterum
395 4030 518 4082 conteras
543 4045 583 4093 ea,
610 4046 679 4097 quae
704 4028 922 4097 AntNacgele
940 4031 957 4083 l.
980 4049 1001 4083 s.
1027 4049 1053 4098 p.
1078 4032 1128 4084 109
1153 4048 1209 4086 non
1228 4033 1300 4088 male

132 4131 288 4200 disputavit:
899 4109 902 4117 ⁸

142 4213 156 4237 ⁹
220 4232 288 4286 ²Ne
307 4233 464 4286 omittamus
482 4231 668 4285 testimonium
687 4231 768 4285 unius
787 4249 820 4285 ox
838 4232 924 4302 poetis
943 4232 1139 4286 Romanorum.
1166 4232 1300 4287 Persius

130 4329 205 4384 enim
223 4329 288 4383 dicit
306 4335 355 4384 sat.
369 4331 394 4383 Il
412 4329 476 4383 inde
488 4347 504 4383 a
517 4346 542 4382 v.
558 4330 602 4381 15:
1077 4314 1079 4318 Α
