3159 4942
125 1425 235 1607 Ut
261 1446 412 1512 omnibus
436 1447 516 1524 lere,
545 1445 590 1508 ita
613 1444 701 1508 hisce
730 1443 889 1526 imprimis
914 1443 1115 1525 temporibus
1136 1445 1223 1509 docti
1238 1446 1299 1509 viri

237 1573 445 1636 scientiarum
460 1571 543 1634 fines
554 1570 650 1634 latius
666 1573 766 1651 atque
778 1569 876 1633 latius
890 1569 1045 1633 ducentes
1062 1570 1250 1651 linguarum
1265 1576 1299 1635 et

124 1699 243 1764 artium
258 1697 442 1780 primordiis
457 1697 562 1760 lucem
577 1695 694 1759 inferre
711 1695 898 1760 studebant.
941 1695 1172 1759 Recentiorum
1188 1699 1299 1760 autem

125 1823 327 1905 scriptorum,
358 1823 414 1905 qui
441 1821 643 1906 rhythmicae
671 1821 750 1885 artis
774 1820 864 1884 initia
887 1821 1115 1902 expediebant,
1140 1821 1174 1884 hi
1197 1826 1230 1885 et
1252 1821 1298 1885 illi

124 1969 185 2013 nos
209 1948 388 2012 docuerunt
410 1946 525 2029 poesin
547 1946 689 2028 primum
711 1946 868 2026 prodesse
892 1945 1045 2010 maluisse
1070 1966 1170 2027 quam
1194 1946 1299 2011 delec-

123 2078 203 2138 tare.
262 2073 393 2151 Quanto
427 2072 509 2136 haec
543 2071 704 2135 sententia
739 2071 930 2151 augebatur,
966 2075 1057 2135 tanto
1090 2073 1297 2137 accrescebat

124 2199 269 2263 studium
298 2218 412 2262 eorum
442 2197 632 2275 carminum,
664 2217 749 2279 quae
780 2217 841 2260 nos
868 2198 999 2261 nomine
1027 2198 1295 2264 ‹Arbeitsliedeo

124 2325 305 2406 significare
329 2329 362 2389 et
385 2325 601 2389 determinare
625 2325 862 2388 consuevimus
909 2324 957 2387 De
980 2324 1043 2388 hac
1063 2324 1297 2404 significatione

124 2469 163 2515 ac
187 2447 228 2514 de
251 2450 438 2514 notionibus
461 2469 536 2513 cum
559 2470 599 2514 ea
622 2449 857 2531 coniungendis
878 2450 961 2514 infra
979 2454 1104 2531 agetur.
1152 2450 1297 2515 Primum

124 2594 301 2657 parumper
321 2595 342 2639 a
362 2575 416 2639 via
436 2574 561 2657 digredi
584 2579 720 2656 oportet,
745 2579 781 2638 ut
804 2575 922 2638 harum
946 2575 1175 2656 quaestionum
1198 2596 1298 2640 causa

123 2703 157 2763 et
180 2701 348 2764 consilium
368 2692 476 2781 magis
498 2700 580 2765 fiant
602 2700 785 2782 perspicua.

213 2825 445 2908 Operariorum
474 2826 561 2890 enim
593 2826 772 2891 cantilenas
801 2825 943 2890 Graecas
970 2829 1147 2891 tractantes
1175 2826 1297 2891 fructus

123 2953 228 3016 bonos
256 2952 437 3033 dignosque
461 2952 568 3015 studio
591 2951 757 3033 percipere
779 2971 847 3015 non
870 2970 1054 3033 possumus
1085 2949 1148 3014 nisi
1170 2951 1211 3014 de
1235 2953 1298 3016 ori·

124 3077 197 3157 gine
221 3080 253 3140 et
276 3075 481 3140 incrementis
511 3095 649 3158 poeseos
673 3075 817 3140 Graecae
840 3075 997 3140 nonnulla
1020 3076 1297 3157 praemiserimus.

124 3201 190 3275 Sed
213 3219 288 3264 cum
310 3199 402 3263 multi
425 3201 604 3264 exstiterint
626 3200 686 3272 viri
710 3200 807 3278 docti,
838 3201 894 3282 qui
922 3200 976 3264 alii
1003 3200 1203 3281 argumentis
1226 3202 1297 3267 aliis

125 3331 230 3391 artem
261 3326 423 3407 poeticam
447 3326 645 3391 Graecorum
668 3329 700 3390 et
722 3330 912 3390 nascentem
939 3330 972 3390 et
995 3329 1192 3390 crescentem
1220 3327 1298 3391 satis

126 3453 306 3534 explicasse
329 3452 390 3515 sibi
413 3452 473 3515 visi
497 3452 570 3529 sint,
594 3452 664 3515 fieri
687 3472 754 3515 non
776 3455 894 3533 potest,
919 3451 998 3533 quin
1021 3452 1083 3515 hac
1099 3471 1134 3515 re
1150 3451 1184 3515 in
1199 3451 1299 3514 lubri-

124 3598 197 3642 cam
224 3578 390 3658 regionem
413 3576 579 3640 variarum
605 3580 639 3640 et
661 3576 745 3640 intcr
767 3596 802 3640 se
827 3576 1080 3675 discrepantium
1108 3576 1298 3658 opinionmn

124 3704 337 3768 deducamur.
385 3703 501 3784 Neque
531 3706 642 3765 tamen
673 3701 734 3765 has
762 3701 1014 3784 disceptationes
1037 3702 1159 3766 evitare
1182 3721 1299 3783 possu-
1354 3710 1357 3715 ’

122 3849 207 3905 mus,
241 3827 268 3891 si
298 3826 430 3891 omnino
462 3845 656 3908 cognoscere
686 3826 845 3908 cupimus,
879 3826 994 3908 quanti
1021 3827 1054 3889 in
1083 3813 1312 3890 describenda*

122 3954 303 4017 litterarum
326 3952 460 4015 historia
484 3952 707 4033 operariorum
730 3971 845 4016 versus
868 3951 1012 4015 habendi
1036 3950 1108 4015 sint.

214 4077 243 4139 A
263 4075 368 4158 primo
390 4076 481 4139 initio
504 4080 607 4141 artem
631 4076 793 4158 poeticam
809 4076 1008 4140 Graecorum
1031 4076 1126 4140 nobis
1148 4078 1298 4157 repeten-

122 4201 221 4277 tibus,
246 4201 401 4283 quoniam
423 4202 550 4283 reliqua
573 4201 758 4266 testimonia
781 4201 885 4279 silent,
910 4222 951 4264 ex
973 4202 1071 4266 iliade
1094 4204 1127 4265 et
1150 4199 1298 4282 Odyssea

122 4326 321 4390 carminibus
337 4326 495 4408 proficisci
511 4328 662 4390 solemus.
692 4327 784 4404 Quae
801 4326 955 4405 carmina,
973 4327 1082 4408 qualia
1098 4324 1196 4389 hodie
1212 4327 1297 4400 sunt,

1165 4445 1192 4485 1⁸
