3159 4942
778 247 997 312 ..32-

179 491 182 497 -
302 445 519 529 excogitatam
541 451 612 512 esse
635 429 836 530 {emporibus
866 448 908 512 ab
932 446 1076 512 Homero
1106 442 1175 511 tam
1203 447 1299 528 longe
1329 446 1479 523 remotis,

303 575 339 636 ut
355 554 414 636 ¹ille
437 572 503 636 iam
526 591 639 637 vocem
662 570 748 650 λίνος
777 576 947 656 tamquam
977 571 1128 636 carminis
1158 571 1428 653 significationem
1457 591 1480 634 a

304 707 471 778 personae
487 697 618 765 nomine
642 696 737 774 Λίνος
759 700 871 780 posset
894 692 1109 761 abstrahere.¹

392 821 524 886 Fabulis
554 822 661 904 igitur,
696 841 778 905 quas
813 821 1006 887 scholiastae
1040 825 1255 895 reservarunt,
1286 821 1327 886 de
1356 822 1480 885 natura

303 947 483 1013 carminis
517 945 604 1024 λίνος
639 946 716 1011 certi
745 947 834 1017 nihil,
859 946 1037 1028 expeditur.
1084 947 1197 1029 ltaque
1226 946 1381 1027 neglectis
1413 945 1479 1009 illis

302 1072 494 1137 testimoniis
517 1073 618 1137 verba
640 1070 727 1149 λίνος
750 1073 801 1139 vel
825 1070 943 1150 αἴλινος
967 1071 1176 1154 grammatice
1200 1066 1422 1153 interpretari²
1445 1075 1480 1135 et

302 1198 378 1263 inde
401 1199 506 1265 lucem
529 1202 638 1283 petere
662 1219 745 1283 opus
768 1202 826 1265 est.

392 1321 465 1402 Qua
487 1321 521 1387 in
548 1340 583 1387 re
605 1323 842 1404 Brugsehius
865 1323 885 1388 l.
902 1343 929 1388 c.
954 1344 974 1388 a
996 1343 1076 1389 voce
1108 1321 1225 1402 αἴλινος
1252 1323 1478 1406 proficiscitur,

304 1467 371 1532 qua
393 1448 547 1529 lugubres
570 1448 821 1515 exclamationes
845 1449 934 1531 apud
957 1448 1099 1514 Graecos
1122 1449 1270 1531 signatae
1293 1454 1378 1516 sunt.
1419 1452 1481 1515 At·

304 1591 367 1656 que
391 1573 544 1655 opinatur
567 1573 699 1656 quidem
721 1593 796 1637 earn
819 1595 859 1638 ex
886 1574 1081 1639 Semitarum
1108 1576 1222 1639 adiano
1253 1596 1332 1653 „vae
1359 1576 1476 1640 nobis“

305 1703 411 1764 ortam
435 1720 515 1781 esse,
541 1720 607 1784 qua
629 1700 663 1765 in
678 1701 875 1780 Palaestina,
898 1701 1089 1785 Babylonia,
1114 1701 1221 1786 Cypro
1244 1702 1404 1767 Adonidis
1429 1704 1481 1766 in-

303 1825 416 1891 teritus
436 1820 624 1909 deploratus
639 1831 734 1892 esset.
781 1827 883 1892 Simul
900 1846 974 1891 cum
989 1827 1149 1892 Adonidis
1165 1827 1252 1891 cultu
1268 1828 1481 1893 exclamatio-

304 1970 380 2016 nem
404 1971 536 2037 quoqne
556 1951 701 2045 illamin
713 1952 884 2018 Graeciam
901 1951 1094 2017 translatam
1113 1971 1194 2016 esse.
1225 1951 1290 2016 Sed
1305 1952 1479 2033 Brugsehii

305 2076 465 2143 sententia
480 2077 547 2142 iam
562 2098 636 2143 earn
652 2078 694 2143 ob
711 2098 845 2142 causam
861 2077 894 2141 in
911 2076 1046 2141 dubium
1061 2077 1182 2154 incidit,
1207 2077 1296 2160 quod
1316 2076 1479 2142 Adonidis

279 2238 281 2243 ·
304 2203 522 2269 caerimoniae
537 2203 672 2268 Homeri
694 2206 727 2268 et
741 2203 878 2267 Hesiodi
901 2203 1100 2286 temporibus
1123 2204 1157 2266 in
1173 2201 1309 2267 Graecia
1328 2202 1482 2267 nondum

304 2335 398 2396 erant
420 2325 672 2414 frequentatae.⁸
1559 2316 1562 2481 1

393 2454 467 2519 Non
490 2455 563 2537 plus
586 2454 696 2518 valent
719 2473 778 2518 eae
802 2454 990 2529 sententiae,
1022 2474 1103 2538 quas
1126 2453 1260 2535 protulit
1282 2453 1317 2516 E.
1334 2451 1380 2516 de
1406 2453 1483 2517 La·

304 2575 440 2644 saulx.⁴
485 2579 570 2643 Nam
594 2581 703 2642 censet
718 2599 797 2642 voce
813 2577 900 2642 λίνον
915 2578 1004 2643 filum
1021 2577 1144 2642 Parcae
1161 2577 1338 2660 antiquitus
1355 2577 1482 2640 dictum

304 2725 375 2770 esse
399 2725 504 2787 eaque
527 2707 666 2768 mortem
689 2703 841 2768 omnibus
864 2703 1049 2767 hominibus
1073 2721 1287 2768 communem.
1334 2702 1383 2766 lta
1414 2703 1483 2767 for·

304 2851 392 2895 mam
407 2829 621 2894 masculinam
638 2826 733 2905 Λίνος
751 2828 846 2912 quasi
862 2828 1046 2911 symbolum
1060 2827 1169 2901 miseri
1184 2827 1267 2891 illius
1282 2827 1341 2890 fati
1356 2826 1482 2893 iactam

305 2976 385 3021 esse.
433 2955 498 3019 Sed
523 2955 737 3048 antiquissimi
754 2954 868 3019 Gracci
884 2956 965 3019 tales
988 2956 1129 3019 rationes
1144 2976 1164 3019 a
1181 2975 1278 3019 sensu
1294 2958 1327 3019 et
1343 2958 1481 3036 aspectu

304 3087 444 3147 secretas
468 3082 621 3147 nimirum
644 3102 711 3145 non
735 3081 912 3146 habebant.

395 3206 527 3271 Godofr.
543 3199 738 3270 Welcker⁶
754 3204 939 3270 observavit
954 3205 1068 3270 litteris
1082 3206 1128 3282 λλ,
1145 3202 1172 3269 si
1187 3204 1340 3269 brevibus
1356 3205 1482 3269 vocali-

193 3351 196 3360 ·
303 3330 366 3395 bus
391 3330 672 3410 coniungerentur,
697 3332 734 3392 ut
756 3329 791 3393 in
811 3329 947 3393 aliarum
964 3329 1108 3411 gentium
1123 3329 1242 3411 linguis
1265 3330 1310 3393 ita
1326 3330 1360 3392 in
1376 3328 1482 3394 Grae-

305 3475 417 3521 corum
430 3473 560 3538 quoque
573 3472 722 3517 sermone
733 3452 887 3535 lugubres
900 3455 1061 3537 quosdam
1074 3454 1172 3518 animi
1185 3455 1320 3518 affectus
1331 3454 1481 3537 exprimi.
1555 3456 1558 3625 1

306 3580 415 3662 Atque
438 3599 512 3642 cum
536 3579 665 3659 delegat
688 3578 731 3641 ad
754 3578 989 3662 Aegyptiorum
1011 3578 1253 3644 lamentabilem
1277 3598 1392 3667 vocem
1413 3579 1482 3656 „lu-

305 3704 392 3768 lulu¹‘
419 3708 452 3768 et
477 3704 701 3768 Romanorum
729 3705 866 3768 verbum
894 3704 1053 3782 „ululare“
1081 3709 1114 3769 et
1136 3705 1373 3769 Germanorum
1402 3705 1482 3768 sub-

397 3929 406 3961 ¹
425 3931 456 3983 V.
474 3931 572 3984 loann.
586 3931 745 3986 Stammer
763 3928 780 3985 l.
795 3950 825 3996 a,
845 3949 870 4001 p.
884 3934 909 3985 l.
960 4012 963 4021 .

401 4032 412 4065 ²
430 4028 481 4081 Sed
500 4028 577 4082 aliter
595 4046 664 4082 sane
682 4046 714 4082 ac
732 4030 893 4083 scholiastae
911 4029 1039 4083 fecerunt.
1152 4056 1156 4062 ·

399 4123 409 4161 ⁸
427 4126 458 4179 V.
478 4127 694 4181 Stammerum
713 4127 731 4182 l.
745 4146 767 4182 e.

396 4220 408 4252 ⁴
425 4224 480 4279 Die
491 4224 665 4295 Linorltlopc,
679 4226 794 4281 Studien
806 4228 832 4281 d.
848 4228 930 4280 blara.
942 4227 1096 4289 Altertumc,
1110 4241 1136 4292 p.
1144 4225 1197 4277 345
1211 4226 1382 4297 (Witrzburp
1395 4227 1484 4294 1843).

396 4318 407 4350 ⁶
425 4319 441 4372 l.
455 4338 485 4384 c.,
504 4338 529 4389 p.
545 4322 586 4374 10.
