3159 4942
635 264 835 326 ..5-

149 459 204 531 sit,
240 461 276 522 ut
302 458 443 540 primum
472 461 560 522 certa
589 462 782 539 argumenta
810 478 915 540 eaque
943 457 1072 522 diversa
1103 457 1145 521 ad
1176 458 1320 539 singulas

147 584 270 647 formas
293 583 364 647 illas
387 583 540 664 pristinas
557 583 774 665 alligarentur.
814 584 885 648 Hac
901 584 934 647 in
950 604 984 648 re
1002 584 1190 665 quaerenda
1206 605 1321 666 quam·
1385 646 1393 655 ,

148 728 249 791 quam
271 710 357 772 recte
381 708 445 771 iarn
469 707 502 771 in
526 709 715 771 universum
738 707 908 789 proposuit
924 707 1114 772 Aristoteles
1137 707 1215 771 illud
1240 728 1319 789 gau-

43 833 47 841 '
147 833 248 911 diurn,
273 833 361 916 quod
385 853 522 914 poeseos
545 834 688 896 numeris
711 833 812 909 fieret,
838 833 1008 897 hominum
1030 833 1167 914 ingeniis
1188 833 1320 898 insitum

147 978 219 1021 esse
243 961 276 1021 ct
298 953 473 1033 innatum¹,
497 961 609 1021 tamen
625 977 732 1040 ueque
753 958 805 1022 ille
820 978 928 1041 neque
952 959 1008 1040 qui
1029 958 1185 1022 similibus
1202 958 1319 1022 studiis

145 1083 332 1145 institerunt
354 1085 479 1145 veteres
504 1080 544 1144 de
568 1085 687 1145 natura
709 1100 921 1145 numerorum
944 1082 1022 1145 satis
1047 1085 1197 1146 accurate
1218 1083 1319 1146 disse-

144 1210 288 1270 ruerunt.
339 1203 489 1289 Plerique
523 1208 601 1271 dum
631 1207 774 1271 numeris
798 1208 987 1291 rhythmum
1017 1207 1184 1291 quendam
1213 1208 1318 1272 inesse

143 1331 392 1414 perspiciebant,
418 1331 660 1413 acquieverunt.

232 1456 331 1520 Cuius
362 1454 498 1533 ῥυθμοῦ,
530 1476 628 1539 quem
658 1456 772 1522 Graeci
805 1458 926 1537 dicunt,
957 1456 1064 1522 forma
1094 1459 1173 1541 quin
1203 1478 1223 1522 a
1253 1456 1316 1534 ῥὲιυ

144 1582 323 1659 derivetur,
353 1602 451 1645 nemo
482 1581 590 1645 adhuc
620 1578 806 1647 ιίιιίιίλανίλ.2
857 1584 971 1666 Itaque
1001 1582 1173 1665 scriptores
1203 1581 1316 1646 Graeci

142 1726 222 1770 voce
247 1704 369 1782 ῥυθμός
393 1706 572 1787 antiquitus
595 1706 674 1769 nihil
698 1705 760 1769 nisi
787 1706 905 1769 fluctus
931 1705 1168 1788 progredientis
1198 1706 1316 1771 deinde

141 1830 339 1895 translaticio
363 1849 453 1894 more
476 1806 706 1911 progrediendi
722 1830 773 1894 vel
798 1831 949 1895 currendi
972 1831 1024 1895 vel
1047 1831 1189 1895 saltandi
1213 1851 1316 1913 quen·

142 1955 220 2019 dam
243 1960 369 2021 motum
392 1953 646 2038 οἱμιιίίίοοίιιυιί.8
680 1957 747 2020 Sed
763 1957 830 2021 iam
846 1954 950 2036 Plat0,
974 1959 1035 2022 etsi
1051 1957 1174 2035 ῥυθμόν
1190 1960 1223 2023 in
1240 1959 1316 2022 solis

143 2100 316 2164 corporum
339 2082 539 2145 motionibus
562 2101 812 2164 nonnumquam
841 2076 979 2164 posuit⁴,
1004 2083 1045 2147 de
1067 2084 1215 2165 poeticae
1237 2086 1315 2148 artis

141 2203 285 2267 numeris
308 2203 471 2267 interdum
499 2204 585 2267 hanc
607 2223 721 2268 vocem
752 2197 928 2267 adhibuit}
973 2200 1163 2270 Aristoteles
1194 2210 1313 2283 autem,

144 2327 200 2410 qui
224 2327 285 2391 nisi
316 2327 356 2390 de
386 2347 485 2409 prosa
515 2326 662 2391 oratione
694 2329 921 2409 componenda
952 2326 1075 2405 ῥυθμὸν
1105 2350 1220 2394 vocem
1249 2351 1315 2396 nou

145 2452 326 2534 usurpavit,
357 2471 432 2515 eam
461 2452 511 2514 his
541 2452 649 2515 verbis
680 2452 862 2534 descripsit:
895 2451 971 2515 ὁρὲ
994 2456 1052 2515 τοῦ
1077 2454 1237 2532 σχήματος
1259 2460 1316 2532 τῆς

143 2576 260 2652 λέξεως
282 2574 417 2653 ἀριθμὸς
441 2574 563 2655 ῥυθμός
587 2570 700 2638 ἐστιν.6

227 2705 323 2767 Nova
351 2702 460 2766 docuit
484 2702 706 2765 Aristoxenus
753 2701 840 2764 Nam
870 2720 945 2765 cum
974 2700 1087 2785 ῥυθμῷ
1118 2704 1212 2786 quasi
1242 2704 1313 2785 lege

140 2850 199 2912 per
223 2848 257 2891 se
281 2829 451 2891 constante
474 2828 507 2889 et
529 2825 715 2906 linguarum
740 2825 883 2908 syllabas
906 2829 939 2889 et
967 2825 1119 2890 tibiarum
1142 2828 1258 2892 modos
1281 2833 1314 2895 et

139 2980 354 2988 ——-—..-—

229 3074 238 3105 ¹
254 3076 288 3129 ·V.
301 3092 342 3128 cx.
356 3090 395 3141 gr.
414 3075 453 3127 Dc
472 3078 543 3143 poet.
556 3077 613 3128 arte
632 3074 667 3127 IV
680 3077 705 3128 6.

226 3179 237 3209 ²
255 3173 318 3226 Ern.
339 3172 427 3237 Grai,
446 3172 601 3241 Rhymmus
618 3191 645 3228 u.
659 3174 788 3242 Metram,
808 3174 893 3228 Marh.
909 3175 985 3240 1891,
1005 3192 1031 3242 p.
1047 3176 1069 3228 l.

227 3249 322 3327 ⁸ibid.
341 3274 396 3340 pb
415 3289 473 3342 sqq.

226 3375 237 3407 ⁴
255 3372 276 3424 Ε
294 3372 456 3425 testimoniis
474 3372 509 3425 ab
518 3372 632 3426 Ernesto
652 3366 732 3427 Grai
747 3374 866 3428 collectis
884 3375 951 3428 haec
969 3375 1021 3428 tria
1039 3375 1180 3443 excipiam.
1203 3376 1310 3443 Leg.ll‚

139 3486 165 3537 p.
184 3469 283 3522 665A:
309 3475 343 3540 τῇ
369 3474 419 3536 τῆς
438 3471 573 3537 κινήσεως
596 3472 670 3525 τὰξει
688 3473 796 3538 ῥυθμὸς
815 3474 904 3537 ὄνομα
923 3474 973 3539 εἴη,
993 3479 1027 3541 τῇ
1047 3474 1072 3526 δ’
1091 3475 1193 3540 αὐτῆς
1213 3478 1312 3542 φωνῆς

135 3567 261 3633 ἁρμονία.
288 3569 326 3621 lb
339 3586 365 3637 p.
379 3569 510 3623 655Αεέ
497 3570 658 3639 ἐνμουσικῇ
673 3570 716 3624 καί
729 3571 854 3636 σχήματα
873 3589 916 3625 και
908 3572 996 3638 μέλη
1016 3574 1108 3626 ἔνεστι
1120 3573 1183 3639 περὶ
1200 3575 1310 3639 ῥυθμὸν

135 3665 180 3719 καὶ
198 3665 333 3731 ἁρμονίαν
353 3668 439 3735 οὔσης
457 3672 507 3736 τῆς
533 3672 672 3736 μουοικῆς.
704 3668 743 3722 lb
763 3686 789 3737 p.
810 3669 915 3722 660A:
942 3671 1059 3735 ἀγαθων
1084 3671 1198 3795 ἀνδρων
1223 3673 1255 3726 ἐν
1279 3689 1309 3726 τε

134 3768 252 3832 ῥυθμοῖς
271 3766 396 3833 σχήματα
415 3767 458 3822 καί
477 3769 509 3822 ἐν
526 3768 668 3835 ἁρμονίαις
688 3769 764 3836 μέλη.

225 3886 236 3918 ⁶
254 3883 304 3935 Ion
325 3901 351 3952 p.
364 3884 398 3937 53
400 3884 464 3938 uA:
490 3885 517 3938 οἱ
530 3885 673 3951 μελοποιοί
686 3887 738 3940 οὐκ
757 3888 898 3953 ἔμφρονες
917 3889 997 3952 ὄντες
1014 3889 1049 3941 τὰ
1062 3889 1130 3941 καλὰ
1144 3889 1210 3954 μέλη
1223 3894 1310 3942 ταῦτα

135 3981 273 4040 ποιοῦσιν,
306 3977 365 4032 ἀλλ’
394 3980 505 4033 ἐπειδὰν
532 3982 653 4047 ἐμβῶσιν
681 3981 719 4046 είς
747 3983 799 4049 την
825 3984 960 4050 ἁρμονίαν
985 3984 1028 4038 καὶ
1054 3983 1091 4049 είς
1118 3987 1169 4038 τὸν
1199 3987 1309 4052 ῥυθμὸν

135 4079 324 4144 βακχεύουσιν.
361 4079 416 4132 Res
428 4080 501 4149 publ.
515 4082 561 4144 111,
575 4098 600 4149 p.
614 4083 665 4136 397
676 4083 710 4136 B:
730 4084 780 4139 ἐὰν
798 4101 838 4151 τις
850 4085 976 4157 ἀποδιδῷ
989 4088 1153 4156 πρέπουσαν
1172 4086 1308 4153 ἁρμονίαν

135 4175 178 4229 καί
198 4177 309 4242 ῥυθμὸν
326 4183 360 4246 τῇ
380 4178 458 4232 λέξει.
1278 4213 1280 4217 <

223 4297 234 4328 ⁶
252 4292 331 4350 urei.
344 4294 390 4363 111,
408 4311 435 4367 p.
450 4296 558 4353 140813.
