3159 4942
619 185 838 247 ,21-

138 378 321 464 Hesychius
345 400 370 443 s.
388 400 434 443 v.:
466 377 657 455 ἀγαλμάτιον
688 379 810 457 εὐτελὲς
840 379 874 442 ἐν
904 381 971 456 τοῖς
1001 379 1152 457 μόλωσιν,
1184 378 1311 441 ὃδοκεῖ

138 502 265 581 ἐφορᾶν
288 503 325 566 τὸ
350 501 514 580 ἐπίμετρον
538 506 604 567 τῶν
628 503 781 581 ἀλεύρων,
807 502 886 582 ὅπερ
909 504 1028 578 λέγεται
1050 502 1181 580 νόστος.

229 627 323 692 Talia
338 625 511 706 ἀγαλμάτια
534 629 576 692 ab
592 629 761 711 opificibus
784 630 818 692 in
841 629 984 693 tabernis
1001 631 1095 713 quasi
1110 628 1312 707 ἀποτροπαῑα

138 753 391 830 collocabantur,
430 771 514 835 quae
551 752 655 815 malas
690 751 919 817 fascinationes
953 751 1218 834 repercuterent.¹
1264 755 1312 818 De

138 877 245 942 forma
268 882 377 942 autem
401 878 485 941 illius
508 878 602 960 sigilli
624 878 763 960 figurati,
796 880 885 960 quod
913 879 1002 960 apud
1025 880 1164 960 pistores
1194 881 1227 943 in
1250 900 1312 944 usu
1419 901 1421 903 ’

138 1006 219 1080 erat,
244 1002 353 1066 nescio
378 1023 421 1066 an
445 1002 523 1085 quid
547 1001 625 1066 certi
639 1002 746 1067 dicere
762 1002 866 1066 liceat.
913 1003 998 1067 Nam
1023 1003 1056 1066 in
1072 1004 1119 1067 Et
1137 1004 1179 1067 M.
1198 996 1312 1083 394,4

139 1148 165 1190 s.
182 1144 213 1190 ν.
243 1124 412 1204 εὔνοστος·
453 1127 531 1204 θεὸς
558 1127 716 1206 ἐπιμύλιος
746 1127 764 1205 ἡ
801 1131 945 1191 δοκοῦσα
967 1127 1103 1207 Υἐιροροῖν
1129 1129 1167 1192 τὸ
1197 1130 1312 1208 μέτρον

139 1255 206 1315 τῶν
229 1250 382 1330 ἀλεύρων.
417 1252 495 1316 Erat
509 1252 607 1334 igitur
621 1253 685 1317 dea
701 1252 865 1335 quaedam
890 1251 1065 1331 Εὔνοστος,
1096 1254 1187 1318 cuius
1212 1256 1313 1319 tutela

138 1375 277 1458 pistores
296 1376 481 1452 utebantur,
498 1397 540 1440 ne
556 1377 646 1440 falsis
662 1377 836 1463 frumentis
847 1377 1082 1459 deciperentur.
1107 1377 1203 1443 Hanc
1215 1379 1311 1444 deam
1386 1404 1388 1406 ·

139 1500 280 1563 eandem
303 1519 374 1563 esse
399 1503 497 1581 atque
519 1498 663 1589 Ἄρτεμιν
687 1499 846 1579 ἐπιμύλιον
870 1499 1027 1564 Crusius
1052 1498 1098 1581 (in
1113 1501 1233 1564 Rosch.
1251 1501 1311 1565 lex.

139 1645 165 1688 s,
194 1646 224 1688 v.
252 1621 428 1705 Eunostus)
454 1625 538 1689 bene
573 1622 743 1689 coniecit
775 1625 950 1721 Notionem
982 1625 1121 1688 nominis
1147 1623 1313 1703 Εὔνοστος

140 1750 176 1813 G.
203 1749 360 1814 Curtius
387 1747 506 1832 (Leipz.
533 1750 663 1815 studi
688 1747 764 1831 151)
795 1754 926 1815 nostrae
955 1751 1085 1833 linguae
1120 1772 1199 1816 voce
1233 1750 1314 1816 aar·

139 1878 247 1956 ertrop
269 1874 418 1938 reddidit.
465 1875 599 1959 Trypho
623 1879 742 1953 autem,
768 1876 847 1939 dum
870 1876 1007 1957 simplex
1029 1897 1131 1958 aquo
1148 1877 1314 1941 derivatur

136 1998 299 2077 ἐόνοστος
312 2000 446 2064 adhibet
462 2001 657 2065 vocabulum
673 1999 804 2076 νόστος,
820 2000 854 2064 id
866 2001 1061 2082 expressisse
1074 2001 1210 2080 videtur,
1224 2002 1314 2084 quod

139 2147 200 2191 nos
224 2127 360 2191 dicimus
383 2127 515 2209 Ertray.

229 2255 277 2318 lta
292 2254 451 2318 Eustathii
474 2247 697 2336 interpretatio
716 2253 905 2334 explicatur,
929 2272 1015 2334 quae
1029 2272 1105 2317 eam
1121 2253 1163 2315 ob
1180 2272 1314 2317 causam

139 2379 173 2442 in
197 2379 415 2460 suspicionem
438 2378 588 2442 vocanda
611 2379 691 2454 erat,
716 2376 805 2458 quod
830 2372 1039 2458 antiquorum
1062 2375 1256 2458 scriptorum
1272 2395 1313 2440 ne

139 2523 206 2566 uno
229 2501 362 2585 quidem
384 2500 569 2565 testimonio
591 2499 713 2577 νόστος
733 2520 793 2582 pro
816 2499 973 2577 εὔνοστος
993 2500 1160 2582 probatur.

173 2715 176 2722 Ι
229 2628 264 2692 Si
287 2648 364 2693 vero
388 2646 468 2691 voce
492 2625 590 2703 ἱμαλίς
613 2625 728 2690 Ιλοιίοο
756 2624 775 2687 ὁ
799 2624 920 2702 νόστος
942 2625 1054 2688 καὶτὰ
1077 2624 1224 2703 ἐπίμετρα
1247 2629 1314 2689 τῶν

140 2752 262 2816 ἀλέτων
275 2751 499 2834 signabantur,
510 2750 580 2815 fieri
591 2752 729 2832 poterat,
750 2752 787 2814 ui
805 2749 941 2814 verbum
960 2747 1082 2827 ἱμαῖος
1101 2753 1235 2832 propter
1250 2750 1315 2814 lor-

140 2898 270 2943 marum
287 2877 480 2940 affinitatem
496 2876 538 2939 ad
554 2876 708 2940 molarias
723 2895 775 2940 res
791 2876 1019 2940 extenderetur
1033 2877 1067 2940 et
1082 2876 1125 2939 ad
1141 2876 1315 2940 molarium

141 3004 302 3069 canticum
315 3001 532 3065 adhiberetur.
550 3000 633 3064 Huic
646 3001 850 3066 translationi
861 3004 894 3065 et
905 3002 1062 3066 favebant
1073 3002 1168 3065 haec:
1189 3020 1316 3083 aquan-

140 3130 174 3194 di
186 3133 219 3194 et
229 3129 373 3193 molendi
384 3127 512 3192 labores
528 3127 561 3191 id
577 3126 746 3191 habebant
758 3125 870 3200 simile,
890 3126 979 3207 quod
986 3128 1122 3210 uterque
1135 3146 1209 3191 curn
1221 3126 1315 3190 certis

139 3253 314 3336 torquendi
324 3234 522 3316 motionibus
535 3251 724 3316 coniunctus
736 3253 816 3314 erat.
835 3249 930 3313 Unde
942 3250 1136 3318 concluseris
1148 3249 1315 3317 cantilenis

140 3379 359 3444 laborantium
382 3377 478 3443 etiam
496 3376 667 3459 rhythmos
683 3375 802 3440 similes
818 3377 850 3439 et
866 3374 982 3438 similia
996 3375 1095 3439 luisse
1111 3378 1314 3457 argumenta.

140 3555 353 3563 ——-..-.--.

234 3666 300 3720 ¹Ci.
329 3667 371 3720 llr.
400 3666 549 3732 Pernioe‚
580 3667 747 3734 Festschrift
771 3666 823 3733 fair
852 3666 913 3722 Ouo
941 3667 1103 3737 Benndorf,
1132 3666 1211 3722 Wien
1238 3667 1314 3733 1898,

141 3783 167 3835 p.
181 3766 214 3818 77
228 3781 294 3833 sqq,
314 3765 391 3819 cuius
402 3766 469 3820 haec
481 3765 615 3833 imprimis
628 3765 755 3834 respicias
767 3764 930 3818 testimonia.
954 3765 1065 3830 Beklrer,
1084 3764 1185 3819 Aneod.
1197 3782 1223 3834 p.
1231 3767 1274 3830 30,
1285 3767 1313 3820 5:

142 3864 301 3928 βασκαίνιον,
331 3863 347 3916 ὃ
372 3863 399 3917 ot
421 3865 535 3930 ἀμαθεῖς
559 3864 775 3930 προβασκόνιον.
814 3864 873 3916 ἔστι
898 3863 929 3916 δέ
952 3880 978 3916 τι
1003 3864 1212 3930 ἀνθρωποειόὲς
1238 3882 1315 3919 κατα-

142 3964 291 4029 σκεύασμα,
312 3966 397 4032 βραχὺ
416 3966 646 4032 παρηλλαγμένον
669 3966 721 4031 τήν
753 3964 934 4030 ἀνθρωπείαν
953 3965 1048 4031 φύσιν,
1072 3965 1087 4017 ὃ
1110 3965 1166 4031 πρὸ
1188 3968 1248 4017 τῶν
1273 3964 1315 4030 ἐρ-

140 4061 302 4128 γαστηρίων
321 4063 348 4116 ot
365 4065 548 4131 χειρώνακτες
567 4064 770 4130 κρεμαννόοιισι
787 4067 840 4116 τοῦ
866 4063 903 4129 μή
930 4062 1126 4128 βασκαίνεσθαι
1149 4063 1244 4116 αὐτῶν
1262 4061 1315 4128 τὴν

141 4158 282 4227 ἐργασίαν.
313 4158 410 4213 Pollux
428 4158 475 4212 VII
496 4158 559 4211 108:
578 4158 634 4225 πρὸ
658 4159 689 4211 δὲ
708 4162 766 4211 τῶν
786 4157 910 4224 καμίνιιιν
935 4161 993 4223 τοῑς
1017 4161 1163 4224 χαλκεῦσιν
1188 4159 1255 4222 ἔθος
1279 4156 1315 4224 ἢν

140 4258 235 4324 γελοῖοί
253 4274 314 4312 τινα
333 4261 471 4324 καταρτάν
490 4257 507 4324 ἢ
527 4256 701 4310 ἐπιπλόττειν
720 4255 765 4310 ἐπὶ
783 4256 899 4324 φθόνου
918 4257 1074 4327 ἀποτροπῇ.
