3159 4942
598 245 818 307 ...23-

126 407 312 522 praelongis
335 439 395 503 illis
419 439 571 523 Aeschyli
593 439 750 516 versibus,
769 439 838 519 ,qui
862 437 1103 519 praecederent,
1135 436 1299 518 aptissime

126 565 425 646 compararentur“.
472 564 592 629 Versus
615 564 712 646 igitur
735 561 989 640 ἱμονιοστρόφου
1013 557 1100 638 μέλη1
1125 561 1197 635 dici,
1223 561 1300 643 quia

81 776 85 784 ι
125 690 382 770 supramodum
405 690 526 753 extenti
548 693 665 754 essent.
684 738 688 745 .

215 813 308 877 Hanc
348 815 559 892 sententiam,
596 834 696 896 quam
729 813 871 878 Kocldus
903 833 1035 895 quoque
1065 812 1098 875 in
1129 811 1297 875 Ranarum

125 937 266 1001 editione
290 943 419 1002 secutus
442 943 501 1017 est,
533 940 684 1020 equidem
712 958 778 1002 non
810 938 1026 1019 probaverim.
1073 936 1159 1000 Nam
1188 935 1249 1000 etsi
1279 956 1298 998 a

124 1060 255 1126 Polluce
292 1063 346 1125 Vll
380 1064 440 1127 157
478 1062 749 1142 σχοινιοστρόφος
779 1063 830 1125 καὶ
860 1061 1110 1140 ἱμονιοστρόφος
1141 1060 1234 1124 simul
1264 1061 1298 1123 in

125 1185 284 1249 artificum
315 1206 450 1250 numero
486 1182 682 1269 ponuntud,
713 1191 824 1250 tanren
854 1186 1093 1268 respiciendum
1122 1188 1186 1260 est,
1217 1204 1296 1248 voce

125 1293 227 1385 ipovrd
251 1313 412 1374 scorteum
436 1310 525 1375 illum
549 1311 660 1375 funem
684 1306 847 1389 describi³‚
879 1331 944 1393 quo
974 1310 1071 1374 situla
1100 1310 1134 1373 in
1162 1313 1298 1391 puteum

124 1410 355 1498 demittebatur
389 1439 422 1499 et
456 1436 639 1500 tollebatur.
693 1436 801 1499 Affine
834 1435 967 1517 quidem
1002 1434 1195 1497 vocabulum
1228 1432 1297 1510 ἱμάς

124 1577 253 1640 scrnper
275 1559 342 1622 fere
365 1558 471 1622 lorum
493 1579 520 1651 e
551 1559 638 1624 corio
669 1563 845 1636 exsectum,
878 1579 945 1622 non
976 1561 1097 1621 tortum
1128 1558 1295 1638 significat.

124 1682 301 1763 Aquatoris
325 1688 435 1747 autem
451 1688 521 1748 erat
538 1685 688 1762 στρέφειν
704 1686 762 1761 τὴν
778 1682 900 1761 ἱμονιάν
923 1684 943 1747 i.
961 1704 989 1747 e.
1006 1684 1155 1747 trochlea'
1166 1683 1297 1747 situlam

124 1807 263 1872 elevare.
309 1809 358 1874 lta
373 1810 479 1891 potuit
494 1810 573 1886 fieri,
598 1815 634 1874 ut
650 1812 750 1876 verbo
767 1809 1018 1888 ἱμονιοστρόφος
1035 1814 1174 1892 aquator
1197 1809 1297 1892 signi·

123 1933 284 1998 licaretur.

212 2057 327 2139 Neque
343 2058 442 2122 etiam
458 2059 619 2141 intellege,
645 2059 803 2141 quidnam
820 2079 938 2123 causae
955 2060 1005 2136 sit,
1030 2060 1119 2141 quod
1135 2060 1296 2142 Dionysus

122 2180 275 2265 Aeschyli
297 2183 369 2246 illos
392 2202 506 2247 versus
529 2182 625 2247 nimis
648 2183 763 2263 longos
787 2203 858 2247 esse
881 2184 1010 2248 indicet.

212 2306 337 2383 Quibus
353 2307 450 2371 rebus
466 2306 623 2388 reputatis
638 2307 833 2370 scholiastae
848 2306 1147 2388 interpretationem
1170 2306 1295 2369 salvam

122 2449 194 2493 esse
211 2430 377 2495 voluerim.
425 2431 656 2513 Agnoscuntur
672 2436 782 2496 aulem
798 2436 993 2514 aquatorum
1011 2431 1126 2496 cantici
1142 2429 1295 2512 reliquiae

121 2554 154 2617 in
178 2554 407 2637 Aristophanis
430 2555 504 2619 illis:

282 2681 776 2757 τοφλαττοθραττοφλαττοθρατ

282 2807 783 2884 τοφλαττοθραιτοφλαττοθρατ.

211 2932 304 3009 Quae
336 2931 451 3009 verba,
488 2949 690 3014 quamquam
728 2930 861 2994 omnino
892 2949 989 2993 sensu
1024 2933 1149 3006 carent,
1184 2933 1295 2993 tamen

120 3053 344 3136 operariorum
361 3053 598 3118 cantilenarum
612 3073 692 3136 prae
708 3073 743 3117 se
758 3053 867 3116 ferunt
882 3053 916 3117 id
931 3054 1058 3135 insigne
1073 3058 1106 3119 et
1121 3055 1293 3136 peculiare,

121 3181 157 3241 ut
170 3178 315 3260 quadarn
323 3198 403 3243 voce
416 3179 581 3260 duplicata
593 3182 626 3243 et
637 3179 754 3243 iterata
767 3179 845 3242 certi
852 3179 1035 3242 efficiantur
1046 3181 1181 3244 numeri.
1196 3182 1294 3247 Cuius

122 3302 249 3382 generis
272 3323 426 3367 versuum
450 3302 585 3367 Carolus
608 3304 788 3368 Buechcr
810 3324 966 3386 magnam
990 3306 1118 3388 copiam
1142 3303 1294 3390 collegit.4

212 3459 418 3528 ¹Comparatur
443 3478 459 3514 a
485 3461 615 3515 Fritsclrio
642 3462 839 3516 Philostrati
866 3464 1052 3529 σχοινοτενής,
1077 3465 1182 3519 Heroic.
1203 3483 1228 3533 p.
1243 3466 1293 3517 747

120 3557 230 3624 (Kayser
247 3558 280 3621 ll,
300 3559 374 3624 hill:
395 3558 546 3623 καὶᾶλλως
566 3561 661 3625 σοφὸν
686 3561 716 3613 ἐν
735 3564 793 3624 ταῖς
811 3565 932 3627 λυρικοῑς
958 3561 1058 3630 ᾅσμασι
1077 3564 1110 3615 τὸ
1130 3563 1166 3628 μή
1186 3563 1294 3615 ἀποτεί-

119 3670 179 3707 νειν
198 3657 275 3718 αὐτά,
296 3659 365 3724 μηδὲ
384 3661 546 3724 σχοινοτενῆ
567 3658 738 3724 ἐργάζεσθαι.

210 3754 348 3809 ‘²Nullam
367 3756 449 3809 aliam
473 3773 538 3810 sane
563 3757 599 3809 oh
626 3773 743 3820 causam,
771 3758 823 3810 nisi
849 3759 921 3825 quod
948 3758 1071 3824 σχοινίον
1097 3765 1122 3812 et
1149 3759 1239 3823 ἱμονιοῑ
1265 3760 1293 3813 in

119 3847 215 3901 eodem
235 3865 314 3917 saepe
332 3866 383 3903 usu
402 3854 487 3903 erant.
1012 3846 1014 3851 ⁴

210 3946 311 4001 ³Suid.
325 3964 345 3999 s.
360 3963 398 4000 v.:
418 3948 457 4001 Τὸ
471 3949 502 4000 δὲ
516 3950 615 4015 φρέαρ,
636 3949 684 4003 ἅτε
699 3950 812 4016 ὀρεινὸν
831 3952 872 4013 ὄν,
894 3954 988 4004 κοῖλον
1007 3952 1043 4018 ἢν
1062 3952 1105 4006 καὶ
1119 3954 1198 4018 βαθὺ,
1219 3955 1293 4008 ὥστε

119 4042 179 4093 δεῖν
198 4038 303 4104 ἱμονιὰς
322 4045 439 4108 μακρᾶς·
460 4042 486 4095 ol
504 4043 535 4096 δέ
555 4044 623 4096 αὐτὸ
644 4045 841 4111 ἀντλητήριον·
861 4049 935 4113 παρὰ
953 4049 1005 4100 τὸν
1023 4048 1128 4113 ἱμάντα.
1166 4051 1294 4105 Similiter

119 4138 199 4205 Hes,
213 4137 290 4193 Phot.
304 4157 324 4193 s.
338 4157 364 4194 v.
377 4140 474 4195 Videas
487 4141 658 4197 Athenaeum
677 4160 784 4211 quoque
797 4146 834 4198 Ill
850 4147 900 4198 125
908 4164 932 4211 a,
951 4148 987 4200 lV
1001 4148 1074 4201 1700
1090 4152 1116 4201 et
1133 4147 1198 4201 Poll.
1213 4149 1236 4200 X
1249 4150 1291 4201 31.

209 4240 220 4273 ⁴
239 4236 315 4302 Quae
329 4238 476 4292 Buechcr
493 4239 511 4292 l.
526 4257 557 4303 e,
571 4256 596 4307 p.
611 4242 663 4293 ull
681 4241 715 4295 de
727 4243 769 4296 his
782 4243 864 4297 rebus
875 4244 1007 4309 disseruit,
1022 4246 1185 4299 verbotenus
1198 4247 1293 4300 afferre

117 4335 209 4389 liceat:
229 4335 292 4390 Dua
309 4336 366 4390 hau
383 4337 456 4391 hau!
472 4337 521 4393 der
538 4337 668 4406 Llroosai,
687 4342 737 4394 dac
755 4357 789 4409 ρο
808 4341 936 4396 boland
954 4343 987 4396 ho
1006 4344 1058 4398 ho!
1078 4344 1128 4399 der
1146 4345 1289 4401 indacum
