3159 4942
630 266 825 326 ..7-

141 464 188 527 ita
210 464 359 527 laborum
383 464 534 527 solatium
551 463 662 527 vocale
681 483 755 525 vera
772 465 805 525 et
822 463 962 542 genuina
977 482 1115 543 poeseos
1137 462 1315 543 primordia

141 607 216 652 esse·
237 583 384 652 censuit.¹

229 713 351 776 Maiore
368 716 477 775 autem
494 731 594 792 opera
611 710 688 773 data
701 709 835 774 Carolus
851 710 1025 775 Buecher
1043 712 1076 774 in
1093 713 1314 793 operariorum

141 838 267 901 cantica
300 836 466 917 inquisivit
499 834 550 898 his
585 855 663 911 usus
697 830 904 900 rationibus.2
954 836 1111 899 Homines
1147 836 1245 899 rudes
1282 840 1315 899 et

140 962 301 1042 simplices
325 965 358 1025 et
380 961 518 1024 incultos
542 961 604 1025 nisi
627 961 730 1024 victus
746 960 885 1041 penuria
908 960 952 1024 ad
975 960 1103 1024 labores
1127 960 1314 1025 tolerandos

140 1106 206 1149 non
231 1086 398 1149 stimulari.
435 1084 500 1148 Sed
518 1104 603 1166 quae
620 1084 758 1148 molesta
775 1085 952 1167 gratiaque
969 1089 1087 1162 essent,
1112 1105 1153 1149 ea
1168 1086 1314 1149 excitatis

140 1212 293 1289 numeris
318 1211 373 1293 qui
401 1211 434 1273 in
465 1210 616 1274 omnihus
647 1211 819 1290 generibus
849 1210 998 1273 laborum
1029 1210 1176 1287 laterent,
1206 1211 1313 1273 minus

140 1336 209 1399 fieri
228 1336 352 1399 odiosa.
399 1336 484 1399 Nam
501 1354 575 1399 cum
591 1335 727 1398 sublatis
743 1338 775 1398 et
792 1334 940 1398 demissis
957 1335 1162 1417 operantium
1178 1336 1313 1400 artubus

139 1461 207 1525 iam
229 1460 382 1523 metricae
400 1460 564 1540 quaedam
587 1459 710 1523 formae
727 1460 940 1536 efficerentur,
964 1459 1127 1523 hilaritate
1151 1464 1183 1523 et
1203 1461 1313 1540 vigore

140 1586 289 1650 homines
323 1586 461 1650 incendi.
516 1586 640 1650 Vocum
671 1589 781 1649 autem
811 1586 863 1649 vel
897 1586 1050 1649 tibiarum
1085 1589 1183 1649 cantu
1216 1586 1314 1650 decli·

139 1712 288 1774 nationes
304 1713 478 1791 motusque
495 1729 668 1792 corporum
683 1710 867 1792 dispensari
883 1714 982 1792 atque
998 1710 1160 1775 fabrilium
1177 1730 1313 1793 operum

141 1836 300 1916 crepitum
334 1834 507 1898 stridorem
539 1834 699 1915 fragorem
733 1834 925 1898 assimulari.
979 1834 1186 1898 Canticorum
1216 1836 1313 1916 igitur

138 1979 292 2023 numeros
316 1960 358 2024 ad
375 1959 593 2023 conficiendos
608 1959 736 2022 labores
752 1960 893 2040 primum
910 1959 1089 2041 applicatos
1112 1963 1145 2024 et
1167 1980 1313 2025 annexos

139 2084 236 2148 fuisse
260 2085 306 2148 ita
329 2085 472 2167 quidem,
497 2088 533 2147 ut
556 2103 596 2147 ex
619 2084 785 2147 laboribus
810 2084 914 2147 omnis
930 2083 1089 2164 dirigendi
1114 2087 1162 2148 vis
1179 2087 1312 2150 ducere·

138 2212 199 2272 tur.
237 2209 328 2286 Quae
352 2228 426 2271 eum
448 2208 495 2271 ita
517 2210 636 2284 essent,
660 2227 774 2272 verum
798 2210 921 2271 fontem
943 2209 1091 2290 poeticae
1115 2213 1147 2272 et
1167 2211 1310 2273 musicae

138 2334 216 2398 artis
238 2333 384 2397 lahorem
408 2353 479 2397 esse
502 2332 701 2396 habendum.
1095 2411 1098 2416 .

227 2457 310 2521 Cum
333 2457 491 2525 Buecheri
513 2458 681 2522 sententiis
704 2478 744 2521 ea
771 2458 837 2522 fere
868 2463 1060 2539 congruunt,
1092 2479 1177 2542 quae
1207 2481 1312 2542 nuper

139 2582 211 2645 Car.
236 2580 362 2644 Theod.
386 2577 528 2644 Preuss
553 2581 594 2644 de
619 2581 741 2662 origine
765 2583 883 2645 artium
907 2578 1061 2664 protulit³
1085 2603 1235 2666 quaeque
1259 2584 1310 2648 hic

138 2727 205 2771 non
228 2706 431 2786 neglegenda
454 2725 525 2769 esse
548 2706 741 2787 putaverim.
788 2706 956 2784 Homines,
984 2708 1030 2771 sic
1052 2708 1119 2772 fere
1141 2708 1311 2774 Preussius

137 2853 198 2896 nos
222 2832 326 2909 docet,
351 2835 387 2896 ut
409 2832 549 2913 primum
574 2833 715 2913 cogitare
739 2836 925 2914 coeperunt,
956 2833 1049 2897 facile
1080 2835 1310 2915 intellegebant

137 2957 282 3020 inomni
306 2957 417 3021 labore
447 2958 555 3038 ipsum
583 2957 728 3030 laborem
760 2959 794 3020 et
824 2958 963 3038 crepitus
993 2963 1166 3042 motusque
1196 2960 1310 3042 rhyth-

136 3083 237 3147 micos
261 3103 328 3146 non
351 3082 457 3163 solum
479 3102 547 3146 una
570 3101 699 3165 semper
715 3083 941 3163 animadverti,
966 3086 1024 3149 sed
1040 3086 1186 3151 laborem
1202 3090 1309 3170 ipsum

136 3209 243 3271 minus
277 3208 361 3271 bene
395 3209 580 3290 procedere,
611 3208 636 3271 si
668 3208 842 3291 rhythmici
870 3210 915 3273 illi
945 3210 1117 3274 comitatus
1148 3212 1307 3277 deessent.

137 3333 186 3396 lta
208 3333 329 3396 factum
354 3335 412 3409 est,
437 3336 473 3395 ut
495 3332 648 3415 rhythmo
671 3334 733 3415 ipsi
748 3335 878 3415 magica
901 3335 1065 3417 quaedam
1081 3337 1130 3400 vis
1153 3338 1308 3403 tribuere·

226 3544 236 3576 ¹
254 3539 284 3592 L.
298 3556 319 3592 c.
333 3539 427 3606 praef,
445 3556 472 3608 p.
484 3540 537 3592 LX.
562 3540 650 3594 Etiam
668 3541 697 3594 in
716 3558 788 3596 novo
808 3560 857 3596 suo
876 3543 946 3596 libro
957 3545 1132 3614 Psycbolopie
1150 3547 1200 3602 der
1217 3550 1308 3606 Volte-

135 3637 274 3707 dichturm,
294 3637 403 3704 Leipzig
424 3638 499 3703 1906,
519 3638 582 3692 Otto
601 3639 741 3693 Boeclrel
764 3641 798 3693 ad
817 3641 867 3693 has
890 3643 1039 3696 cantilenas
1067 3644 1144 3697 redit.
1181 3646 1249 3699 Nam
1274 3666 1308 3701 ex

135 3751 249 3788 numero
268 3752 363 3789 earum
381 3737 449 3790 duas
467 3737 573 3806 excipit,
594 3743 624 3791 ut
647 3739 743 3806 probet
760 3740 878 3807 primam
904 3758 981 3795 suam
1007 3747 1033 3796 et
1056 3743 1224 3810 potissimam
1250 3763 1308 3799 sen-

31 3844 33 3848 ’
133 3834 254 3897 tentiam,
284 3834 353 3899 „dau
378 3836 427 3891 der
448 3836 512 3904 Ruf,
537 3838 586 3890 der
604 3838 685 3890 lrurze
710 3839 902 3909 unmittelbare
925 3840 1070 3894 Aushruch
1095 3842 1238 3896 seelischer
1264 3845 1307 3896 Er·

134 3946 245 3999 regung,
264 3933 307 3985 die
330 3937 400 3986 erste
424 3935 481 3987 und
500 3935 593 3988 tlteste
612 3935 693 3989 Form
719 3938 767 3989 der
785 3938 920 4006 Dichtuug
944 3939 994 3992 151ιι
1023 3942 1056 4007 [p.
1071 3942 1104 4005 1),
1123 3946 1150 3992 et
1171 3941 1240 4006 „dati
1259 3941 1307 3994 das

134 4027 199 4080 Lied
218 4028 276 4081 sich
295 4045 342 4081 um
361 4029 404 4081 die
423 4030 493 4083 Rufe
518 4031 615 4083 herum
642 4031 819 4085 kristullisiert
847 4033 909 4087 hat“
938 4036 972 4103 (p.
988 4036 1037 4098 13).
1075 4036 1148 4089 Haec
1166 4038 1307 4102 ἀξιώματα

134 4124 206 4179 infru
226 4127 399 4194 antiquorum
418 4128 579 4181 testimoniis
598 4104 840 4184 confirmabuntur.

225 4229 235 4260 ²
254 4226 350 4281 Arbcit
368 4228 426 4281 und
444 4228 623 4298 rhythmum,
642 4229 751 4297 Leipzig
772 4230 848 4284 redu.

224 4321 235 4351 ³
254 4323 364 4388 Gtohua
383 4329 449 4378 tom.
468 4326 611 4379 LXXXVII
630 4328 726 4392 (1905),
746 4345 772 4395 p.
785 4328 838 4380 333
848 4345 904 4396 sqq.
930 4340 932 4349 ·
