3159 4942
744 210 966 272 ..20-

378 405 551 482 φιλητέων·
575 403 635 480 ἢδη
658 403 718 481 γὰρ
742 403 862 466 eunuc
884 403 982 483 λύχνα
1005 402 1138 481 φαείνει·

379 526 521 610 [ἀ]είδει
544 528 602 590 καί
625 528 697 591 πού
720 548 777 605 τις
801 527 893 606 ἀνὴρ
918 514 1106 605 ύδατηγὸς
1129 528 1267 605 ἱμαῖον

378 654 459 733 έγρει
481 653 531 717 καί
553 647 611 717 τιν’
636 652 750 732 ἔχοντα
772 650 886 734 παρ[ἀ]
910 652 1012 717 πλόον
1035 652 1134 718 οἰκίον
1157 652 1243 719 ἄξων

378 781 528 858 τετριγάις
550 773 604 842 ὑπ’
629 777 760 856 ἄμαξαν,
784 777 950 843 ἀνιάζουσι
972 781 1007 841 δέ
1029 779 1142 841 πυκνοὶ

379 902 507 985 [δμ]ῶοι
529 906 660 983 χαλκῆες
682 903 875 981 κωφώμενοι
898 900 1019 984 ἔν[δον]
1043 903 1171 981 ἀκουήν.

360 1129 515 1192 Diversas
540 1148 622 1210 quas
643 1128 856 1210 cognovimus
883 1128 924 1193 de
948 1129 1078 1192 himaeo
1094 1130 1272 1193 sententias
1286 1130 1451 1211 posterio-

272 1273 344 1315 rum
358 1254 541 1337 temporum
553 1250 725 1332 scriptores
742 1244 985 1315 confundebant
1000 1257 1033 1316 et
1044 1253 1144 1316 verbo
1161 1251 1261 1330 ἱμαῖος
1272 1255 1452 1334 utramque

273 1374 439 1437 notionem
463 1371 676 1436 subiciebant.
724 1372 820 1450 Quod
835 1393 876 1437 ex
891 1373 1054 1456 Hesychio
1069 1377 1103 1437 et
1118 1374 1220 1438 Suida
1239 1374 1451 1456 intellegitur.

272 1498 454 1583 Hesychius
495 1498 582 1561 enim
623 1498 723 1561 tradit
760 1498 855 1561 haec:
902 1496 1015 1576 ἱμαῖος
1060 1501 1125 1582 ᾡδή
1162 1499 1354 1577 ἐπιμύλιος
1388 1501 1451 1562 καὶ

273 1617 511 1699 ἐπαντλεῖος1
536 1622 585 1684 καὶ
608 1620 789 1698 έπίνοστος,
818 1625 851 1686 et
874 1623 1007 1686 Suidas:
1033 1622 1134 1700 ἱμαῖον
1157 1623 1258 1705 ᾆσμα·
1282 1625 1320 1687 τὸ
1344 1624 1394 1686 ἐπὶ
1410 1629 1452 1705 τῇ

273 1747 422 1825 ἀντλήσει
450 1745 621 1823 λεγόμενον
651 1747 738 1824 παρὰ
766 1746 805 1808 τὸ
836 1745 917 1824 ἱμάν,
957 1747 988 1811 οἱ
1017 1750 1051 1811 δὲ
1078 1749 1116 1810 τὸ
1147 1748 1347 1826 μυλωθρικόν
1373 1798 1379 1812 .
1406 1799 1413 1812 .
1445 1798 1452 1812 .
1544 1800 1545 1803 ¹

274 1871 385 1950 ἱμαῖος,
410 1870 429 1949 ἡ
452 1869 611 1949 ἐπιμύλιος
635 1871 711 1953 ᾠδή.

363 1997 466 2061 Unius
505 1997 716 2079 eiusdemque
759 1996 848 2060 vocis
885 1997 940 2080 qui
971 1998 1023 2060 hic
1052 2001 1191 2080 apparet
1219 1999 1340 2081 duplex
1370 2020 1453 2063 usus

274 2120 384 2184 nescio
397 2140 440 2184 an
452 2140 493 2183 ex
504 2118 605 2200 ipsius
617 2120 684 2183 iam
696 2119 882 2203 Tryphonis
897 2119 1082 2183 testimonio
1099 2120 1141 2183 ab
1157 2120 1328 2184 Athenaeo
1344 2120 1452 2184 relato
1548 2162 1549 2177 τ

273 2245 437 2311 enucleari
460 2246 572 2328 possit.
619 2246 673 2309 sslc
703 2245 792 2309 enim
821 2247 997 2327 postquam
1027 2243 1129 2322 tucior
1158 2246 1317 2327 pistorum
1345 2245 1453 2310 canti·

274 2374 383 2437 lenam
405 2392 477 2436 esse
500 2371 590 2450 dixit,
614 2370 704 2434 verbi
727 2371 867 2434 formam
891 2370 1073 2434 accuratius
1102 2371 1147 2435 ita
1178 2372 1336 2436 definivit:
1366 2370 1453 2449 ἴσως

274 2494 338 2558 ἀπὸ
363 2498 420 2572 τῆς
443 2494 594 2572 ἱμαλίδος
620 2492 719 2571 ἱμαλὶς
742 2486 771 2555 δ’
796 2492 883 2556 ἐστὶν
906 2492 993 2570 παρὰ
1008 2494 1190 2571 Δωριεῦσιν
1214 2492 1233 2556 ὁ
1255 2492 1377 2571 νόστος
1400 2495 1453 2556 καῖ

274 2620 314 2683 τά
337 2619 484 2698 ἐπίμετρα
506 2622 573 2682 τιῖιν
597 2616 727 2682 ἀλέτων.
775 2618 862 2682 Voce
886 2616 985 2695 ἱμαλίς
1008 2638 1043 2682 re
1072 2638 1150 2681 vera
1177 2618 1350 2699 designata
1377 2639 1453 2683 csse

273 2748 313 2810 τά
336 2746 484 2824 ἐπίμετρα
506 2749 572 2808 τῶν
596 2744 728 2827 ἀλέτων,
753 2745 773 2808 i.
790 2764 819 2808 e.
837 2744 925 2827 quod
940 2743 1035 2807 molis
1055 2743 1285 2819 admetiuntur,
1311 2762 1451 2823 cognos-

274 2872 365 2947 citur,
378 2890 452 2934 cum
464 2869 575 2933 similis
589 2869 693 2932 torma
705 2867 824 2946 ἱμύλιος
836 2868 879 2931 ah
891 2866 1054 2950 Hesychio
1065 2886 1125 2949 pro
1138 2866 1239 2944 πολύς
1251 2868 1301 2931 vel
1314 2867 1451 2944 δαψιλής

272 2997 430 3061 tradatur.
478 2995 599 3059 Vocem
626 2993 748 3070 νόστος
777 2993 943 3076 quomodo
974 2993 1099 3075 antiqui
1124 2995 1327 3075 grammatici
1351 2994 1452 3059 inter-

272 3121 394 3204 pretari
417 3120 608 3198 studuerint,
633 3140 673 3183 ex
689 3118 850 3182 Eustathii
873 3115 916 3199 (p.
936 3119 1031 3196 1885,
1057 3114 1113 3198 25)
1138 3107 1242 3183 elucet
1258 3119 1310 3182 his
1328 3118 1452 3183 verbis:

272 3248 352 3321 λέγει
375 3248 410 3309 δέ
432 3244 554 3309 νόστον
578 3243 596 3307 ὁ
620 3243 726 3321 ῥήτωρ
750 3235 951 3322 (Ἀθήναιος)
974 3243 1114 3307 ἐνταῦθα
1138 3242 1177 3305 ού
1201 3244 1259 3306 τὸν
1280 3237 1450 3320 Ὁμηρικὸν

272 3371 322 3434 καὶ
347 3371 482 3448 συνήθη.
530 3368 607 3432 ἀλλά
630 3389 699 3431 τινα
723 3367 856 3446 δαίμονα
885 3367 1045 3446 ἐπιμύλιον
1069 3367 1192 3446 ἔφορον
1221 3371 1288 3432 τῶν
1316 3366 1449 3441 ἀλετῶν,

276 3496 314 3573 ὃς
337 3495 386 3557 καὶ
410 3492 567 3570 εύνοστος
590 3488 742 3568 ἐλέγετο.8

366 3620 414 3683 De
432 3617 614 3701 Εύνόστιμ
637 3618 724 3681 idem
747 3614 793 3698 (p.
811 3616 886 3695 tlt,
913 3612 982 3696 18):
1008 3614 1056 3677 ὅτι
1073 3616 1107 3677 δὲ
1122 3615 1171 3677 καὶ
1187 3613 1265 3692 θεός
1281 3635 1328 3691 τις
1343 3614 1452 3691 ἐπιμύ-

274 3748 342 3822 λιος
370 3743 537 3821 Εὔνοστος
567 3743 704 3806 ἐκαλεῖτο
734 3742 769 3804 ἐν
799 3743 866 3818 τοῖς
890 3739 934 3818 εἰς
961 3742 1018 3817 τὴν
1042 3734 1235 3803 Ὀδύσσειαν
1265 3741 1448 3819 γέγραπται.

365 3963 374 3994 ¹
393 3957 553 4020 ἐπαντλεῖος
575 3955 728 4019 (ἐπαντλέω
746 3954 764 4007 i.
778 3971 802 4008 e.
820 3953 926 4018 haurio)
952 3951 1024 4005 docti
1050 3951 1101 4005 viri
1125 3951 1185 4005 iure
1210 3951 1375 4019 scripserunt
1399 3967 1450 4019 pro

274 4054 389 4109 obscura
407 4054 534 4123 Hesychii
552 4054 651 4108 forma:
672 4054 826 4116 ἐπανταῖος.

364 4160 374 4191 ²
392 4154 432 4208 Ex
451 4153 571 4207 ciusdem
590 4151 696 4219 generis
721 4151 796 4204 fonte
821 4149 947 4217 Hesychii
973 4146 1016 4200 καὶ
1042 4146 1189 4210 ἐπίνοοτος
1215 4145 1371 4213 (ἐπίνοστος
1389 4145 1406 4199 i.
1427 4163 1451 4201 e.

273 4252 451 4323 depravatum
469 4268 519 4319 pro
538 4252 681 4316 εύνοστος)
700 4265 826 4305 manasse
845 4248 978 4303 videntur.
