3159 4942
629 272 823 334 .-9-

139 469 273 532 modia
304 468 542 548 simplicissima
573 471 642 531 arte
672 468 797 531 musica
827 487 893 531 non
922 468 968 530 ita
998 467 1094 530 alieni
1123 462 1225 531 sunt¹
1270 466 1312 528 Hi

140 611 271 673 quoque
302 591 411 655 nescio
441 611 485 654 an
526 590 713 654 testimonio
744 589 818 663 sint,
849 609 949 653 unam
982 593 1015 653 et
1044 590 1148 653 solam
1178 610 1313 654 causam

139 735 349 779 numerorum
376 736 443 780 non
466 736 538 780 esse
561 715 718 791 laborem.
754 715 802 777 Ex
821 713 881 777 illis
905 714 1002 795 igitur
1025 715 1158 779 vocibus
1181 720 1214 779 et
1236 736 1313 779 can·

138 840 209 903 ticis
233 845 266 904 et
288 841 445 917 versibus,
471 859 652 921 quaecum
684 839 836 921 operibus
867 840 1039 902 coniuncta
1069 844 1171 917 erant,
1203 841 1312 904 omnia

139 962 277 1026 canendi
302 983 422 1043 genera
445 963 566 1044 requiri
590 983 657 1027 non
679 966 827 1044 possunt.
864 962 929 1026 Sed
952 982 993 1027 ex
1016 964 1159 1028 lontibus
1174 985 1312 1046 poeseos

139 1087 217 1168 quin
241 1087 294 1151 hic
317 1089 416 1151 lateat
440 1107 524 1151 unus
545 1108 611 1151 non
629 1082 823 1151 dubitatur.²
857 1087 948 1151 Haec
964 1107 1092 1150 summa
1108 1108 1129 1150 a
1143 1088 1312 1152 Buechero

138 1215 233 1294 parta
257 1232 295 1276 eo
325 1213 426 1294 pluris
458 1213 608 1276 ducenda
638 1215 696 1290 est,
728 1212 817 1294 quod
853 1245 894 1271 ,-
930 1214 966 1274 ut
988 1232 1088 1294 supra
1110 1214 1181 1294 pl
1205 1218 1313 1277 osten-

140 1337 246 1401 dimus
271 1371 309 1380 -
337 1337 411 1401 talis
435 1337 508 1400 finis
533 1337 603 1401 aliis
627 1337 809 1401 rationibus
833 1336 954 1399 trustra
978 1337 1203 1419 appetebatur.
1298 1379 1301 1384 -

226 1464 262 1526 ln
285 1483 422 1527 numero
447 1464 725 1539 documentorum,
751 1463 870 1544 quibus
886 1462 1021 1526 Carolus
1036 1463 1216 1527 Buecher
1239 1483 1313 1526 sen-

138 1588 258 1651 tentias
282 1607 359 1650 suas
382 1587 543 1669 probavit,
568 1590 600 1650 et
624 1585 761 1650 aliarum
785 1587 930 1666 gentium
953 1589 986 1649 et
1002 1586 1200 1650 Graecorum
1223 1588 1312 1650 testi-

138 1712 249 1775 monia
272 1731 338 1776 non
360 1731 468 1794 pauca
496 1711 713 1775 inveniuntur.
761 1711 826 1774 Sed
857 1730 931 1774 cum
962 1730 1047 1793 quae
1076 1711 1128 1775 ille
1158 1711 1312 1793 dispersis

140 1834 226 1896 notis
249 1834 290 1896 de
307 1834 529 1915 operariorum
546 1834 714 1898 cantilenis
728 1833 859 1898 Graecis
883 1833 1043 1911 disseruit,
1067 1835 1184 1899 iterato
1203 1835 1310 1900 studio

140 1960 240 2040 digna
263 1960 314 2024 vel
337 1959 467 2024 favente
483 1961 630 2023 Minerva
655 1960 807 2041 augenda
831 1979 902 2023 esse
926 1960 1123 2036 riderentur,
1148 1960 1310 2024 adductus

138 2103 220 2160 sum,
245 2085 355 2147 uthis
378 2085 476 2148 rebus
500 2105 634 2167 operam
657 2104 823 2148 navarem.
860 2084 1086 2147 Romanorum
1107 2083 1205 2147 etiam
1222 2083 1311 2146 testi-

135 2209 247 2273 monia
259 2229 325 2273 non
342 2209 535 2291 praeteribo.
572 2209 635 2273 Sed
653 2228 763 2273 meum
779 2212 838 2285 est,
855 2208 921 2271 iam
939 2227 1027 2271 nunc
1042 2207 1161 2270 librum
1176 2208 1310 2271 Antonii

136 2332 166 2395 N
172 2333 306 2413 aegele
329 2333 474 2409 laudare,
499 2333 555 2414 qui
579 2351 713 2396 exorsus
737 2332 779 2394 ab
804 2331 1094 2395 ecclesiasticorum
1117 2331 1310 2395 testimoniis

227 2558 236 2588 ¹
255 2558 370 2612 Multum
389 2557 500 2609 interest
519 2556 618 2620 videre,
645 2556 710 2624 quid
728 2556 834 2623 antiqui
858 2556 1000 2624 scriptores
1025 2557 1059 2609 de
1081 2557 1124 2609 his
1149 2557 1230 2610 rebus
1256 2559 1311 2611 iam

135 2656 322 2710 iudicaverint.
360 2656 468 2716 Plato,
487 2656 538 2722 leg.
552 2656 576 2708 Il
590 2656 642 2708 653
655 2656 677 2707 D
692 2659 800 2708 censet:
820 2657 854 2707 τὰ
874 2657 924 2719 μὲν
944 2656 996 2709 οιίν
1009 2657 1077 2708 ἄλλα
1095 2660 1154 2709 libo
1173 2658 1226 2709 οὐκ
1239 2658 1311 2722 ἔχειν

135 2754 266 2819 αἴσθησιν
284 2757 344 2805 τῶν
363 2753 394 2805 ἐν
412 2755 470 2816 ταῖς
484 2753 626 2818 κινήσεσιν
638 2754 745 2808 τάξεων
765 2754 832 2806 σιίδὲ
851 2754 979 2815 ἀταξιῶν,
999 2752 1040 2817 οἷς
1054 2755 1087 2820 δὴ
1101 2756 1208 2820 ῥυθμὸς
1221 2757 1312 2820 ὄνομα

136 2851 179 2905 καὶ
204 2850 334 2917 ἁρμονία·
354 2850 419 2917 ἡμῖν
438 2852 469 2904 δέ
489 2892 495 2904 .
516 2892 522 2903 .
543 2892 548 2902 .
568 2852 635 2916 τοὺς
653 2853 738 2917 θεοὺς
757 2893 763 2904 .
784 2893 790 2904 .
811 2851 880 2906 εἶναι
892 2853 958 2916 τοὺς
977 2854 1136 2917 δεδωκότας
1148 2854 1201 2920 τὴν
1214 2855 1311 2919 ἔνρυθ-

136 2949 190 3014 μόν
202 2967 233 3003 τε
253 2950 297 3004 καὶ
316 2950 484 3016 ἐναρμόνιον
503 2950 635 3017 αἴσθησιν
654 2952 716 3016 μεθ’
735 2951 848 3017 ἡδονῆς.
876 2950 980 3016 Quibus
993 2951 1021 3003 in
1034 2951 1124 3004 verbis
1137 2952 1311 3020 respiciendis

135 3047 266 3114 Georgius
285 3047 409 3113 Amsel,
436 3049 475 3102 De
501 3050 528 3101 vi
554 3052 635 3117 atque
660 3049 751 3102 indole
775 3051 978 3117 rhythmorum,
1004 3050 1073 3103 Diss
1100 3050 1206 3103 Vratisl.
1234 3051 1310 3115 1887,

135 3163 161 3213 p.
177 3146 217 3209 14,
237 3146 304 3199 haec
324 3148 413 3200 affert:
442 3147 548 3215 ,Neque
574 3151 667 3201 tamen
686 3164 797 3200 omnem
816 3149 920 3212 τάξεως
939 3148 1070 3214 αἴσθησιν
1089 3165 1105 3201 a
1124 3148 1216 3202 bestiis
1235 3149 1311 3201 Plato

135 3246 290 3300 abiudicare
309 3246 410 3300 debuit.
447 3246 517 3300 Nam
536 3247 629 3299 omnia
647 3247 776 3300 animalia
795 3249 824 3300 in
843 3246 991 3314 gradiendo
1010 3253 1036 3300 et
1055 3249 1187 3301 currendo
1207 3253 1311 3301 certum

135 3348 245 3396 servant
264 3345 396 3408 ordinem,
423 3362 477 3413 quo
503 3345 610 3398 sublato
636 3345 722 3398 iustus
747 3345 846 3399 modus
872 3346 918 3399 rix
943 3363 1001 3399 esse
1027 3350 1122 3414 potest.
1159 3346 1199 3399 Ac
1225 3347 1311 3399 multo

135 3441 226 3494 minus
245 3459 298 3505 ees,
318 3459 385 3511 quas
404 3459 438 3496 ex
456 3444 561 3496 musica
574 3443 739 3511 voluptatem
760 3444 897 3510 quandam
914 3445 1051 3511 percipere
1070 3449 1182 3507 constat,
1203 3444 1309 3507 bestias,

135 3539 210 3593 velut
228 3556 320 3607 equos
340 3542 458 3594 camelos
476 3542 648 3609 maximeque
670 3558 735 3594 aves
756 3542 924 3604 cantatrices,
944 3543 1062 3609 rhythmi
1076 3558 1156 3595 sensu
1169 3542 1310 3595 destitutas

135 3653 194 3690 esse
220 3639 386 3693 censendum
412 3642 476 3693 est.“
521 3640 610 3708 Atque
638 3639 731 3693 Amsel
759 3657 838 3692 suam
866 3641 1028 3693 sententiam
1056 3642 1108 3693 hoc
1135 3640 1311 3707 antiquorum

133 3735 290 3788 testimonio
315 3737 415 3806 optime
434 3737 522 3790 fulcit:
548 3737 730 3803 Longinus
758 3737 954 3804 Prolegomena
979 3738 1013 3790 ad
1031 3737 1239 3805 Hephaestionis
1264 3754 1309 3790 en·

133 3832 274 3897 clriridion,
294 3850 320 3901 p.
333 3834 375 3898 84,
398 3835 437 3897 ll,
457 3835 498 3887 ed.
519 3834 658 3903 Westpbal
672 3859 704 3881 =
718 3836 743 3899 2,
763 3836 834 3888 reo.
848 3835 1092 3889 Hoerschelmann:
1113 3835 1128 3887 δ
1148 3835 1179 3888 δέ
1199 3834 1307 3901 ῥυθμὸς

132 3930 236 3995 γίνεται
256 3970 262 3982 .
283 3970 289 3982 .
309 3970 315 3982 .
337 3929 380 3982 καὶ
392 3925 475 3996 χωρὶς
488 3934 625 3998 συλλαβῆς
644 3973 650 3986 .
671 3974 677 3987 .
698 3974 704 3987 .
725 3933 768 3987 καὶ
786 3934 881 3987 ἵππων
895 3936 925 3988 δέ
939 3934 1038 4000 πορεία
1051 3935 1159 4000 ῥυθμὸς
1173 3935 1309 4001 ἐνομίσθη

136 4070 141 4082 ,
162 4069 168 4081 .
188 4028 310 4082 καὶτῶν
330 4028 455 4094 ὀρνίθων
473 4031 508 4083 τὰ
526 4031 740 4096 πτερυγίσματα.
788 4004 795 4017 x

225 4126 344 4179 ²Udalr.
367 4127 406 4180 de
424 4127 909 4196 Wilamowitz-Moellendorff,
929 4132 946 4185 l.
967 4150 1002 4186 c.:
1024 4134 1109 4186 Eine
1137 4133 1245 4187 Wurrel
1263 4134 1311 4186 der

134 4225 231 4280 Poesic
250 4228 307 4279 und
326 4226 424 4280 Mustio
442 4227 479 4281 ist
497 4244 528 4282 so
552 4230 708 4297 corruptich
734 4230 879 4296 darpeleqt,
904 4232 968 4286 aber
993 4232 1034 4285 bei
1054 4231 1136 4285 Leibc
1161 4232 1238 4285 nicht
1263 4232 1307 4285 die

132 4323 237 4391 einzipe
259 4323 377 4379 Wurael.
415 4325 457 4379 Za
475 4306 579 4380 Homer
598 4326 656 4381 und
674 4328 851 4384 Archilocbos
869 4329 947 4394 frthrt
964 4330 1024 4385 tier
1041 4330 1105 4384 hein
1129 4329 1202 4396 Wep.
