3159 4942
767 249 984 312 -42-

290 452 400 525 ῑοντες
417 448 463 525 ὡς
479 445 612 526 ἄριστον
628 447 788 524 δεριστήν.
830 447 981 512 Similiter
1003 448 1233 513 Eustethius
1256 469 1287 530 p.
1305 447 1468 523 1‚164‚10;

293 573 443 650 lasese.
467 573 630 636 Photius
654 570 831 649 Λιτυέρσαν
853 575 1026 636 memorat:
1052 572 1137 654 ᾠδήν
1160 592 1239 646 τινα,
1264 572 1302 649 ἣν
1327 570 1467 652 ᾄδουσιν

289 693 320 757 οἱ
354 693 548 772 θερίζοντες
583 694 671 759 idern
701 714 726 758 s
750 715 781 759 v.
813 692 1000 771 Λιτυέρσηςῑ
1043 688 1126 770 εἶδος
1157 695 1242 777 ᾡδῆς
1272 693 1467 771 Μένανδρος
1565 674 1566 677 ¹

288 818 491 902 Χαλκηδονίῳ
515 818 730 903 (Καρχηδονίῳ
754 813 868 899 Kock.)
894 820 1034 902 ,,ᾇδοντα
1055 820 1222 898 λιτυὲροην
1245 820 1299 883 ἀπ’
1325 821 1465 900 ἀρίστου

287 943 390 1020 τὲυις“
417 993 423 1005 .
450 993 457 1007 .
483 991 489 1003 .
515 942 617 1006 Μίδου
641 944 676 1006 δὲ
697 942 736 1020 ἦν
760 943 779 1006 δ
803 943 976 1022 Λιτυέρσης
998 943 1101 1020 νὸδος
1131 943 1209 1021 υἱός,
1240 948 1397 1009 κατοικῶν
1426 948 1466 1008 δὲ

288 1067 322 1130 ἐν
348 1066 506 1144 Κελαιναῖς
529 1067 606 1143 τοὺς
629 1066 803 1144 παριόντας
827 1067 1059 1146 ὑποδεχόμενος
1087 1066 1241 1144 ἠνάγκαζε
1270 1069 1334 1146 μετ’
1359 1068 1464 1132 αὐτοῦ

288 1192 432 1270 θερίζειν.
480 1190 524 1269 εἰς
553 1193 641 1269 τιμὴν
673 1192 707 1253 δὲ
737 1194 796 1254 τοῦ
820 1191 928 1255 ’Μίδου
959 1192 1139 1270 δἐριστικὸς
1168 1189 1268 1270 ἱίμνος
1297 1192 1347 1256 ἐπ’
1372 1192 1463 1275 αὐτῷ

289 1317 455 1392 συνετὲδη.
498 1371 500 1375 ,
560 1337 563 1343 ’

378 1440 522 1505 Verbum
545 1440 643 1522 igitur
664 1440 832 1519 λιτυὲρσης
860 1441 1035 1507 indebatur
1064 1464 1245 1508 messorum
1274 1444 1313 1509 iis
1342 1444 1463 1521 modis

289 1587 429 1649 quorum
468 1567 609 1649 origines
644 1566 668 1631 'a
709 1567 855 1650 Lityersa
893 1572 1063 1652 tamquam
1096 1590 1277 1635 messorum
1315 1570 1465 1654 principe

288 1690 534 1773 repetebantur.
587 1691 701 1776 Neque
740 1712 817 1756 vero
856 1692 992 1757 dubium
1029 1699 1092 1772 est,
1132 1694 1213 1777 quin
1249 1695 1381 1760 fabulae
1419 1696 1464 1760 de

288 1815 436 1898 Lityersa
459 1837 600 1899 persona
623 1817 751 1882 diverse
775 1822 909 1899 agentes
933 1838 973 1883 ex
995 1818 1182 1901 posterioris
1206 1820 1326 1884 aetatis
1343 1820 1464 1884 studiis

288 1938 538 2004 emanaverint.¹
585 1941 682 2006 Tales
706 1939 794 2006 enim
816 1942 968 2007 historias
990 1944 1186 2026 posteriores
1209 1944 1353 2008 invenire
1377 1946 1465 2010 sole-

287 2066 378 2142 bant,
403 2069 440 2130 ut
462 2085 611 2130 rararum
634 2086 752 2131 vocum
774 2087 871 2131 usum
894 2067 1099 2150 explicarent.

378 2189 449 2269 Qui
479 2194 589 2257 autem
627 2194 903 2276 etymologiam
948 2189 1163 2278 quaerebant,
1211 2196 1334 2278 aliquid
1381 2197 1463 2260 certi
1565 2278 1566 2283 ἵ

287 2320 429 2381 statuere
464 2336 531 2380 non
562 2321 723 2399 poterant.
770 2317 841 2382 Sedv
871 2339 944 2382 cum
979 2304 1149 2384 verisimile
1184 2322 1234 2398 sit,
1271 2322 1464 2386 Latinorum

291 2440 425 2517 „lituus“
460 2460 535 2504 cum
565 2440 674 2506 radice
704 2442 793 2506 vocis
823 2443 987 2521 λιτυὲρσης
1017 2445 1249 2511 conferendum
1283 2467 1354 2511 esse
1362 2442 1385 2524 ²,
1421 2468 1463 2511 ea

287 2563 367 2629 mihi
396 2564 586 2645 placuerint,
619 2585 703 2647 quae
732 2565 800 2629 iarn
829 2566 1016 2649 Bergkius
1051 2568 1084 2631 in
1113 2569 1293 2635 litterarum
1323 2571 1462 2636 historia
1565 2550 1566 2555 ί

286 2689 337 2752 his
368 2688 476 2752 verbis
507 2687 678 2771 expressit:
719 2689 834 2755 Dieser
864 2690 990 2774 Gesonp
1016 2694 1100 2756 wird
1119 2692 1185 2773 auf
1195 2694 1370 2777 Lityersem
1395 2694 1462 2759 den

280 2809 372 2877 Solia
390 2810 444 2876 dcs
454 2811 668 2895 phrygisclten
684 2812 810 2897 Kaous
821 2782 949 2894 'Midae
973 2815 1226 2899 enrrickpeftihrt.
1264 2816 1336 2882 Der
1354 2818 1462 2884 Nome

287 2936 460 3000 laeana
496 2936 869 3020 coaetaneorum
903 2938 1065 3019 Aufserer
1103 2938 1155 3005 ιιι
1184 2941 1364 3007 inaniora
1402 2943 1460 3008 ee·
1565 2912 1566 2919 ‘

285 3059 437 3140 schriften,
467 3062 528 3125 den
552 3061 735 3146 Stobtrciper
757 3065 827 3128 und
848 3085 921 3146 ιιιαρ
943 3069 1001 3129 tote
1024 3065 1238 3130 die'Mclotiie
1269 3068 1323 3132 des
1346 3067 1462 3133 Liedes

286 3206 345 3250 oon
369 3183 430 3249 den
452 3185 635 3269 Pirrppiern
663 3185 799 3252 entleimt
828 3188 905 3252 sein.
951 3189 1114 3271 Cogitanti
1141 3194 1260 3270 autem,
1293 3193 1461 3275 quomodo

287 3312 371 3375 haec
393 3312 483 3376 n'otio
507 3312 552 3377 ad
573 3313 764 3376 messorum
779 3313 996 3378 cantilenas
1022 3314 1190 3379 transferri
1212 3316 1363 3397 potuerit,
1389 3316 1463 3398 qui·
1565 3294 1566 3335 ³

286 3438 365 3502 dam
388 3456 466 3500 usus
490 3437 631 3518 religiosi
654 3437 847 3520 respiciendi
870 3441 955 3516 sunt,
980 3458 1063 3521 quos
1079 3440 1189 3504 rustici
1205 3459 1354 3505 exercere
1377 3441 1463 3505 sole·

286 3564 376 3642 bant,
401 3568 438 3629 ut
460 3565 548 3629 bona
570 3565 701 3647 frugum
723 3565 923 3629 incrementa
947 3565 1008 3630 sibi
1030 3569 1194 3648 pararent.
1241 3565 1347 3632 Huius
1370 3568 1462 3632 modi
1565 3536 1566 3539 Ἴ

287 3689 429 3754 enimin
454 3690 656 3755 caerimoniis
679 3711 720 3754 ex
741 3710 924 3755 messorum
953 3710 1090 3756 numero
1120 3692 1177 3756 uni
1207 3692 1337 3756 cuidem
1361 3696 1463 3757 —et

286 3814 451 3896 Lityersae
475 3812 607 3895 quidem
631 3847 673 3857 -
696 3813 821 3895 primae
844 3817 954 3896 partes
978 3816 1248 3881 attribuebantur.
1288 3816 1351 3894 Qui
1375 3821 1463 3882 cete·
1565 3904 1566 3907 Ἴ

286 3925 397 4002 ιοιιιιιι
435 3938 567 4003 canticis
605 3941 638 4001 et
671 3937 769 4002 variis
805 3939 987 4003 actionibus
1022 3943 1192 4025 tamquam
1226 3943 1395 4025 exemplar
1419 3947 1465 4008 et
1565 3982 1566 4025 η

377 4209 386 4240 ¹
405 4210 435 4262 V.
456 4209 605 4264 Crusium
623 4211 652 4264 in
671 4211 801 4264 Bocchori
818 4212 884 4263 Lea.
898 4211 1008 4278 Mythol.
1029 4212 1060 4275 ΙΙ,
1080 4230 1105 4281 ρ.
1118 4213 1188 4266 2066
1207 4230 1264 4283 sqq.

377 4310 387 4341 ²
407 4311 472 4365 Ono
491 4311 617 4376 Muller,
637 4310 764 4364 Etruslrer
783 4309 830 4374 11¹,
849 4326 876 4378 p.
889 4310 938 4362 etl
961 4328 1000 4381 sq.
