3159 4942
598 276 639 285 ..
685 209 817 303 53⁶-

122 446 187 510 hoc
216 445 291 508 loco
317 443 406 525 quod
422 442 506 507 'Otto
529 438 715 506 Boeckel¹
749 445 781 505 et
812 441 1035 522 operariorum
1065 438 1234 502 cantilenis
1262 441 1296 501 et

121 571 183 634 toti
206 569 297 652 poesi
321 568 471 651 populari
494 567 662 649 proprium
686 569 718 629 et
741 565 867 646 insigne
894 583 966 628 esse
995 561 1145 639 ostendit,
1177 561 1293 625 breves

122 694 273 758 videlicet
284 693 547 770 exclamationes,
561 691 679 776 quibus
691 691 849 773 paulatim
867 690 920 754 alii
935 686 1049 754 versus
1064 689 1295 764 immiscentur,

123 817 171 880 ita
194 816 336 898 quidem,
360 819 396 880 ut
419 815 492 880 illae
515 815 767 879 exclamationes
790 811 992 877 intercalario
1016 813 1217 876 remaneant.

216 941 352 1005 Similes
371 941 437 1005 fere
467 941 583 1004 modos
611 939 643 1003 in
674 939 876 1020 Euripidis
905 936 990 1020 Cycl.
1012 958 1043 1001 v.
1061 937 1126 1000 656
1151 957 1222 1019 sqq.
1247 936 1296 1000 in·

98 1154 102 1162 Ι
127 1063 311 1147 dagaveris
359 1065 431 1143 Quo
454 1065 525 1128 loco
549 1063 650 1128 Ulixis
674 1063 788 1140 socios
814 1034 871 1153 qui
892 1067 929 1126 ut
951 1061 1144 1144 Polyphemi
1168 1061 1297 1124 oculum

127 1192 294 1255 terebrent
317 1188 529 1273 praeacbtum
553 1189 671 1253 tollunt
692 1189 828 1270 tignum,
854 1187 900 1250 sic
923 1187 1088 1251 auscultas
1105 1187 1297 1250 clamantes:

341 1334 379 1398 ἰὼ
404 1333 452 1410 ἰώ,
476 1333 683 1409 γενναιότατα
724 1403 726 1406 ⁴

343 1460 464 1534 ὠθεῖτε,
490 1457 651 1521 σπεύδετε.

340 1583 474 1647 ἐκκαίετε
498 1584 554 1658 τὴν
579 1560 685 1660 ὀφρὺν

339 1711 441 1788 θηρὸς
463 1713 522 1773 τοῦ
547 1708 719 1775 ξενοδαίτα.

235 1838 300 1901 660
341 1829 451 1913 τύφετ’
477 1834 514 1910 ὦ,
539 1829 633 1898 ναίετ’
658 1834 684 1897 ὦ

340 1961 397 2024 τὸν
422 1959 535 2037 Αἴτνας
558 1959 748 2039 μηλονὸμον.

341 2080 476 2164 mores,
501 2086 578 2161 ἕλκε,
605 2083 691 2166 [ὅρα]
717 2086 757 2164 μή
774 2079 817 2153 ,α’
840 2085 1042 2162 ἐξοδυνηθεὶς

341 2210 443 2293 δράσῃ
467 2231 496 2305 τι
519 2209 660 2288 μάταιον.

120 2416 125 2421 „
219 2379 343 2458 Quibus
367 2380 400 2442 in
424 2379 570 2443 versibus
595 2377 817 2459 operariorum
840 2376 958 2440 modos
981 2376 1082 2440 latere
1106 2377 1172 2440 iam
1195 2376 1300 2442 Wila-

126 2505 309 2568 mowitzius
325 2503 478 2567 iudicavit
502 2502 615 2585 (Troy.
639 2485 901 2583 chrsctccnpem
927 2486 990 2567 vol.
1007 2502 1057 2578 ΙΙΙ,
1082 2522 1113 2583 p.
1131 2474 1196 2581 62⁴).
1237 2503 1299 2580 Qui

129 2629 190 2693 etsi
213 2628 361 2691 concedit
383 2632 524 2691 metrum
546 2647 612 2692 non
635 2629 733 2710 plane
764 2627 927 2708 explicari,
955 2631 1068 2691 tamen
1095 2627 1181 2691 hanc
1208 2647 1300 2692 men·

128 2773 240 2818 suram
263 2753 430 2818 constituit
452 2751 565 2817 addita
587 2752 621 2815 in
644 2772 675 2815 ν.
690 2753 764 2817 ecc
787 2772 867 2816 voce
892 2750 968 2830 ὅραι

132 3629 165 3693 id
193 3635 243 3694 est
275 3632 445 3713 primum
471 3631 560 3696 chor.
578 3631 653 3695 dim.
674 3628 751 3710 -l-i
776 3632 905 3696 dochm.
928 3627 1181 3709 -l-Pherecrat.,
1212 3634 1245 3696 et
1268 3633 1302 3695 in

134 3759 210 3823 fine
239 3758 326 3823 chor.
349 3759 424 3824 dim.
445 3755 483 3835 -Ι-
502 3759 630 3824 dochm.
661 3755 730 3835 lb
754 3759 921 3823 Reiziana.
968 3757 1015 3822 De
1047 3758 1163 3821 mediis
1191 3760 1301 3836 autem

127 3864 287 3960 numerio,
312 3872 430 3965 quibus
454 3885 544 3967 ipsae
567 3884 785 3948 laborantium
810 3883 1061 3948 exclamationes
1085 3883 1299 3958 continentur,

124 4008 402 4072 zWilamowitzius
438 4008 570 4072 arbitrio
600 4010 770 4090 temperat.
825 4007 865 4071 Et
894 4009 962 4070 iure
992 4007 1134 4088 quidem.
1186 4006 1301 4089 Neque

130 4132 217 4196 enim
239 4132 313 4196 licet
335 4133 429 4196 metri
452 4133 574 4196 formas
600 4133 819 4196 translaticias
842 4133 881 4195 iis
904 4132 1047 4195 numeris
1065 4132 1221 4213 ingerere,
1247 4133 1301 4214 qui

224 4304 231 4334 ¹
250 4305 421 4373 Pcycholopic
439 4307 488 4359 der
511 4306 729 4375 Vollcsdicbtunp.
754 4305 792 4359 Cf.
807 4306 879 4376 quod
898 4322 980 4375 supra
999 4308 1054 4374 p.7
1074 4307 1302 4361 adnotatum-fest.
