3159 4942
762 236 981 297 ...44-

289 433 445 510 ἐπιλήνιον
461 433 582 511 αὔλημα
598 432 647 496 ἐπὶ
664 401 809 513 βοτρύων
825 436 1032 513 θλιβομένων.
1071 436 1299 501 Athenaeus
1323 429 1468 518 quoque

253 552 254 555 ’
286 556 336 639 (V,
354 578 385 640 p.
406 559 467 622 199
475 554 506 640 a)
541 559 620 624 illud
643 559 803 624 canticum
834 562 1099 625 commemoravit
1127 565 1165 625 et
1186 561 1326 626 ioannes
1355 560 1472 643 Chry-

287 686 451 746 sostomus
473 683 537 746 huc
560 687 724 766 spectasse
746 683 883 761 videtur,
908 704 986 749 cum
1005 680 1097 749 dixit:
1129 685 1182 748 Καὶ
1204 685 1341 763 γηπόνοι
1364 689 1467 764 ληνο-

287 810 457 884 βατοῡντες
486 808 535 870 καὶ
565 810 749 886 τρυγῶντες
774 806 827 870 καί
853 807 1012 887 ἀμπέλους
1041 809 1275 888 θεραπεύοντες
1305 809 1469 873 καὶᾶλλο

286 930 394 996 ὁτιοῦν
418 910 619 1011 ἐργαζόμενοι
642 931 789 1009 πολλάκις
813 932 957 1015 ᾄδουσιν.
1004 935 1040 997 In
1063 934 1327 1000 Anacreontio
1358 955 1468 1017 porro

286 1060 437 1136 carmine,
462 1079 528 1142 quo
551 1060 824 1124 vindemiatorum
846 1061 978 1141 negotia
1000 1060 1236 1139 describuntur,
1268 1058 1361 1139 άμνοι
1395 1060 1467 1123 ἐπι-

233 1252 235 1258 ,
286 1186 385 1261 λήνιοι
407 1186 702 1249 commemorantur
725 1185 844 1268 (Bergk
867 1187 903 1250 P.
920 1187 954 1251 L.
975 1186 1028 1251 Gr.
1045 1183 1111 1266 111⁴,
1135 1209 1167 1270 p.
1187 1183 1280 1268 334):

623 1363 688 1428 Τὸν
711 1363 960 1445 κελαινόχρωτα1
985 1366 1101 1445 βότρυν

625 1489 772 1570 ταλάροις
796 1487 973 1569 φέρουσινί
996 1486 1109 1569 άνὸρες

624 1616 700 1692 μετὰ
723 1618 897 1693 παρθένων
921 1617 968 1679 ἐπ’
995 1617 1113 1693 ὤμων·
1196 1610 1199 1617 ’

627 1743 706 1805 κατὰ
728 1743 825 1820 ληνὸν
849 1744 883 1805 u
910 1743 1060 1821 βαλόντες

574 1863 576 1867 ’
628 1867 727 1945 μόνον
751 1866 886 1944 ἄρσενες
909 1871 1067 1931 πατοῦσιν

626 1994 802 2071 σταφυλήν,
827 1993 957 2069 λύοντες
980 1987 1079 2067 οἶνον,

629 2117 705 2194 μέγα
728 2117 785 2180 τὸν
809 2117 887 2180 θεὸν
915 2120 1104 2195 κροτοῦντες

626 2240 880 2338 ἐπιληνίοισιν
894 2238 1058 2318 ὕμνοις,

626 2363 740 2441 ἐρατὸν
763 2363 871 2441 πίθοις
894 2363 1035 2442 ὁρῶντες

628 2488 703 2551 νὲον
727 2484 894 2553 ἐκζὲοντα3
917 2489 1049 2569 Βάκχον.

287 2661 466 2744 Ἐπιλήνιον
496 2668 594 2749 igitur
623 2670 784 2733 canticum
815 2670 955 2752 hymnus
986 2669 1175 2734 habendum
1205 2674 1255 2734 est
1277 2671 1312 2735 in
1334 2670 1463 2739 Bacchi
1557 2720 1558 2725 ι

287 2794 446 2856 honorem
483 2794 643 2856 cantatus.
707 2780 807 2855 Cuius
845 2792 970 2855 numeri
1009 2792 1119 2856 nescio
1157 2811 1200 2855 an
1238 2793 1380 2874 primum
1420 2812 1465 2856 ex

287 2916 429 2989 motibus
453 2935 625 2997 corporum
649 2915 808 2979 fluxerint.
844 2916 929 2979 Nam
953 2916 986 2979 in
1009 2917 1162 2999 operibus
1185 2916 1463 2980 vindemiatorum

287 3062 370 3107 uvas
393 3043 532 3126 pedibus
555 3044 790 3107 conterentium
818 3063 884 3107 non
913 3043 1032 3107 frustra
1063 3046 1186 3107 certum
1209 3042 1460 3124 investigaveris

288 3165 425 3244 ῥυθμόν.

377 3292 581 3356 Pastorum
609 3296 646 3355 et
673 3291 999 3356 armentariorum
1030 3291 1208 3356 cantilenas
1232 3291 1462 3356 Athenaeus
1557 3310 1558 3313 ’

287 3417 308 3481 1.
320 3437 345 3480 c.
360 3418 494 3498 pssitta
516 3418 567 3481 his
586 3418 694 3483 verbis
718 3417 877 3481 definivit:
901 3415 940 3492 ἦν
963 3418 997 3479 u
1020 3417 1069 3478 καὶ
1092 3420 1158 3494 τοῖς
1182 3418 1369 3495 ἡγουμένοις
1392 3422 1460 3482 τῶν

290 3542 498 3619 βοσκημάτων
530 3542 548 3606 ὁ
580 3542 862 3621 βουκολιασμὸς
894 3542 1096 3620 καλούμενος.
1145 3544 1236 3622 Quae
1266 3545 1463 3627 supplentur

289 3664 556 3748 Chrysostomi
583 3664 767 3729 testimonio
790 3664 810 3728 1.
836 3686 878 3728 s.:
908 3665 971 3728 Διὰ
999 3669 1095 3730 τοῦτο
1120 3668 1169 3729 καὶ
1196 3666 1362 3745 ὁδοιπόροι
1386 3672 1462 3732 πολ-

289 3789 375 3864 λάκις
398 3788 474 3866 μετὰ
497 3786 688 3865 μεσημβρίαν
712 3787 899 3865 ἐλαύνοντες
922 3789 1075 3867 ὑποζύγια
1102 3791 1234 3873 ᾄδοντες
1264 3796 1362 3856 τοῦτο
1393 3814 1463 3856 ποι·
1557 3810 1558 3841 ³

290 3917 364 3976 οὒσι
394 3915 451 3992 την
482 3913 515 3976 ἐκ
544 3917 601 3991 τῆς
631 3913 815 3992 ὁδοιπορίας
848 3915 1062 3999 ταλαιπωρίαν
1097 3920 1164 3994 ταῖς
1200 3914 1297 4001 ᾡὸαίς
1331 3918 1465 3998 ἐκείναις

382 4114 391 4147 ¹
411 4110 615 4177 κελαινόχρωτα
633 4110 663 4163 Β.
683 4111 881 4177 μελανόχρωτα
898 4113 957 4165 cod.

381 4205 392 4237 ²
411 4209 548 4273 φέρουσιν
567 4209 720 4277 Stephanus
739 4209 877 4275 φέροντες
896 4209 954 4260 cod.

290 4318 293 4326 ¹
381 4305 392 4336 ⁸
410 4308 542 4363 ἐκῖέοντα
560 4308 647 4361 Faber
665 4308 799 4363 ἐσζέοντα
818 4308 876 4360 cod.
