3159 4942
757 257 979 318 „18-

272 445 297 511 εί
325 447 438 525 μέλους
466 447 613 512 ἀκούσειε
640 449 689 512 καὶ
718 450 813 533 ᾠδῆς,
843 448 922 531 ῥᾷον
938 424 940 428 ⁴
954 448 1079 512 ἅπαντα
1106 450 1240 524 ἐνεγκεῖν
1268 450 1446 526 δυναμένης

271 570 310 632 τὰ
334 568 450 649 ὀχληρὰ
473 570 522 633 καὶ
545 569 690 635 ἐπίπονα.

362 695 454 773 Quae
470 696 523 759 hic
538 699 748 760 enumeratur
763 697 902 760 materia
917 699 1010 763 tanta
1022 701 1081 771 est,
1098 700 1134 760 ut
1152 698 1245 761 facile
1262 699 1446 778 suspiceris

271 818 539 902 chrysostomum
562 821 770 902 antiquorum
801 821 931 885 cuidam
960 821 1041 884 fonti
1071 821 1121 884 vel
1149 823 1361 901 grammatico
1393 824 1446 887 vel

272 944 432 1008 rhetorico
467 963 527 1006 sua
562 943 690 1007 debere.
744 942 839 1020 Quod
875 946 985 1008 tamen
1021 944 1063 1007 ab
1097 944 1240 1009 Antonio
1270 945 1300 1009 N
1309 947 1447 1027 aegele

270 1069 292 1133 1.’
310 1089 336 1133 c.
360 1089 392 1151 p.
417 1070 480 1132 tm
512 1068 682 1146 refellitur3
716 1069 781 1151 qui,
813 1070 874 1133 etsi
901 1090 941 1133 ex
971 1070 1088 1134 divinis
1118 1072 1208 1134 libris
1237 1073 1447 1137 ecclesiastici

270 1193 451 1258 doctrinam
467 1194 576 1256 studet
591 1193 749 1270 derivare,
772 1213 838 1257 non
860 1197 968 1275 potest
989 1193 1151 1275 denegare
1174 1193 1445 1277 chrysostomum

268 1318 370 1400 ipsius
402 1319 534 1382 auribus
565 1319 619 1383 ilia
652 1319 778 1382 cantica
807 1291 979 1382 audivisse.
1026 1318 1097 1383 Hoc
1127 1321 1238 1383 autem
1266 1321 1445 1402 plurimum

269 1447 383 1508 nostra
405 1427 539 1508 interest

359 1568 648 1650 Philostorgius
671 1569 705 1632 in
720 1569 875 1633 historiae
898 1568 1052 1633 ecclesiae
1075 1573 1168 1651 parte
1191 1588 1211 1632 a
1234 1570 1351 1633 Photio
1374 1574 1444 1634 tra-

268 1696 338 1760 dita
349 1697 391 1760 de
404 1696 472 1759 Arii
485 1700 554 1760 arte
567 1695 705 1760 canendi
717 1696 799 1759 haec
811 1696 887 1759 tacit
900 1696 1001 1771 verba
1016 1693 1102 1776 (hist.
1116 1695 1227 1759 eccles.
1244 1695 1272 1758 Il
1288 1695 1318 1772 2,
1331 1696 1441 1776 Migne

267 1822 303 1885 P.
317 1820 354 1884 G.
368 1820 420 1898 65,
440 1841 472 1901 p.
492 1814 603 1901 466)¹:
623 1814 695 1881 Ὅτι
716 1817 913 1897 τὸνἌρειον
934 1817 1187 1896 ἀποπηδήσαντα
1202 1822 1259 1896 τῆς
1275 1818 1441 1897 ἐκκλησίας

208 1948 231 1979 ³
267 1945 367 2024 φησὶν
390 1944 518 2028 ᾄσματα
540 1965 574 2008 τε
597 1945 726 2008 ναυτικὰ
750 1945 799 2008 καὶ
815 1945 956 2023 ἐπιμύλια
978 1946 1027 2007 καὶ
1043 1944 1227 2023 ὁδοιπορικὰ
1249 1944 1441 2022 γράψαικαὶ

266 2066 392 2134 τοιαῦθ’
423 2071 513 2149 ἕτερα
545 2072 736 2134 συντιθέντα
756 2049 819 2148 Δεἰς
848 2070 1000 2154 μελῳδίας
1037 2070 1177 2145 ἐντείναι,
1219 2071 1258 2147 ἃς
1299 2070 1440 2149 ἐνόμιζεν

267 2198 415 2275 ἑκάστοις
438 2196 584 2276 ἁρμόζειν
608 2197 657 2260 διὰ
680 2201 737 2274 τῆς
765 2196 800 2260 ἐν
827 2200 895 2273 ταῖς
923 2195 1085 2278 μελῳδίαις
1115 2197 1232 2274 ἡδονῆς
1261 2196 1446 2260 ἐκκλέπτων

265 2322 347 2403 πρὸς
370 2327 427 2403 τήν
451 2323 566 2388 οἰκείαν
590 2323 737 2402 ἀσέβειαν
764 2324 842 2400 τοὺς
868 2322 1109 2401 ἀμαθεστέρους
1132 2327 1199 2386 τῶν
1222 2320 1440 2420 ἀνδρώπιυν.2

352 2449 444 2526 Quae
478 2449 664 2512 testimonia
694 2447 810 2511 criticis
839 2447 925 2510 notis
960 2448 1069 2511 adhuc
1098 2448 1253 2529 repressis
1284 2448 1440 2529 deinceps

263 2575 366 2652 attuli,
391 2594 432 2637 ne
456 2573 671 2655 comparandi
694 2572 934 2636 desideraretur
956 2574 1060 2655 copia.

353 2697 489 2761 Iamiam
512 2697 546 2760 in
569 2697 714 2777 singulas
731 2698 955 2780 operariorum
978 2697 1157 2761 cantilenas
1181 2696 1367 2777 diligentius
1389 2696 1440 2758 in-

262 2822 437 2903 quirentes,
462 2842 536 2886 cum
567 2821 631 2886 alia
662 2821 857 2904 disponendi
887 2822 970 2885 ratio
1000 2822 1067 2884 non
1097 2822 1190 2885 facile
1220 2816 1438 2897 inveniatur³‚

261 2965 301 3009 eo
317 2945 431 3009 ordine
447 2949 587 3020 utamur,
612 2948 649 3008 ut
664 2945 857 3008 Athenaei
874 2945 1031 3026 potissimi
1053 2945 1137 3008 illius
1152 2946 1243 3008 testis
1259 2944 1440 3008 sententias

358 3154 368 3186 ¹
387 3155 418 3208 V.
437 3154 501 3209 Ant.
519 3153 660 3222 Naegele
678 3154 695 3207 l.
710 3172 740 3218 c,
760 3171 785 3223 p.
803 3156 860 3207 1⁰25.

350 3259 361 3290 ²
379 3253 502 3307 isidori
521 3270 629 3321 quoque
648 3252 767 3320 episcopi
787 3252 875 3305 Latini
894 3251 938 3304 hic
950 3250 1053 3305 mentio
1072 3251 1213 3316 inseratur,
1233 3252 1280 3320 qui
1296 3252 1325 3305 in
1339 3252 1438 3319 origin.

261 3350 298 3403 III
320 3352 352 3403 16
371 3351 409 3404 sie
428 3350 539 3403 iudicat:
564 3351 619 3405 Aa
634 3351 793 3406 tolerandos
816 3367 920 3418 qnoque
942 3350 1048 3404 labores
1071 3352 1174 3403 inantea
1197 3353 1318 3404 annnam
1340 3353 1440 3404 nanlcet

259 3454 285 3502 at
307 3450 473 3518 sinpuiorum
503 3463 614 3516 operum
635 3447 824 3516 fatipatt‘ancm
853 3447 927 3500 nocis
950 3446 1097 3500 modulatio
1126 3447 1294 3501 consolatur.
1331 3446 1439 3511 Quibus

260 3544 350 3598 verbis
364 3545 521 3598 Giraldus
540 3544 751 3598 Cambrensis
769 3545 837 3598 haec
856 3542 970 3597 addidit:
994 3544 1068 3598 Unde
1085 3552 1109 3597 ct
1125 3544 1283 3613 plenamque
1301 3546 1438 3600 matthani-
1465 3575 1470 3582 ·

260 3659 354 3696 earnm
373 3644 475 3697 artium
496 3647 618 3710 operarii
641 3645 694 3697 siat
718 3642 823 3697 trihoria
846 3642 973 3696 solatium
1000 3643 1151 3696 cantilenae
1169 3643 1285 3696 remedia
1304 3648 1440 3710 quaerunt

260 3740 332 3808 (opp.
347 3739 369 3793 V
384 3741 452 3806 157).
481 3741 596 3794 Protulit
608 3742 676 3795 haec
694 3739 851 3794 testimonia
870 3739 933 3792 Otto
952 3739 1091 3793 Boeckel
1109 3739 1127 3792 l.
1142 3756 1172 3802 c,
1186 3757 1212 3807 p.
1225 3740 1291 3792 LXI.
1310 3739 1437 3807 Augus·

259 3836 362 3900 tinus,
381 3838 421 3891 De
440 3838 677 3906 op.monach.17‚
697 3839 732 3891 10
751 3838 858 3904 (Migne,
878 3837 906 3892 P.
921 3839 950 3893 L.
960 3839 1003 3902 to,
1023 3839 1097 3904 565):
1120 3840 1235 3895 Cantica
1254 3839 1352 3893 divina
1370 3855 1437 3893 can·

260 3936 418 3990 taracham
437 3936 563 3989 aeonibus
587 3941 729 4003 operantes
749 3936 835 4003 facilc
856 3942 971 4004 possunt
994 3942 1019 3990 ct
1046 3937 1136 4006 ipsam
1160 3937 1276 3991 laborent
1299 3942 1438 4004 tamquam

259 4035 404 4088 oelaaematc
421 4033 559 4087 consolari
578 4030 703 4098 (Naegele
721 4030 738 4084 l.
752 4049 783 4095 ο,
798 4049 824 4099 p.
840 4031 908 4096 119).

349 4135 359 4166 ³
379 4127 491 4180 Carolus
509 4127 658 4182 Buecher
677 4127 781 4181 cantica
800 4129 835 4180 ad
854 4144 954 4196 aequos
977 4143 1106 4181 numeros
1129 4127 1238 4193 alligata
1260 4127 1377 4180 seiunxit
1400 4127 1436 4180 ab

259 4227 300 4290 iis,
320 4243 390 4295 quae
409 4229 583 4282 continentur
601 4229 722 4282 numeris
740 4229 812 4281 inter
830 4246 858 4281 se
876 4228 1046 4281 distantibus.
1084 4229 1191 4291 Vereor,
1216 4244 1251 4280 ne
1273 4228 1325 4280 hac
1343 4227 1437 4280 subtili

259 4325 363 4378 ratione
381 4326 410 4378 in
429 4326 537 4392 exiguis
552 4327 716 4380 Graecorum
734 4327 893 4394 fragmentis
912 4327 952 4379 uti
971 4343 1028 4379 non
1046 4327 1189 4394 possimus
