3159 4942
791 250 1009 315 -28-

313 447 389 511 inde
413 468 433 512 a
456 448 563 512 verbis
586 449 635 510 καὶ
658 447 718 527 γάρ
742 450 887 513 lonicum
910 451 1100 532 cognovisse
1124 455 1279 516 metrum:
1368 482 1371 483 ⁷

313 818 409 896 Quod
433 823 556 883 eertum
575 839 647 884 esse
670 821 788 897 elucet3
814 842 852 885 ac
875 841 910 886 re
933 843 1011 887 vera
1035 824 1133 887 loniei
1162 824 1288 887 numeri
1312 824 1493 907 torquendi

313 943 511 1009 motionibus
529 945 687 1026 aptissimi
703 949 788 1009 sunt.
814 944 935 1022 Quales
953 951 1063 1010 autern
1080 948 1276 1012 antecedant
1290 948 1419 1012 numeri
1437 949 1492 1012 vix

313 1069 422 1148 potest
444 1067 515 1140 diei,
545 1087 618 1132 eum
645 1068 690 1131 illi
715 1069 841 1133 litterae
869 1090 889 1131 α
916 1068 962 1151 (in
990 1071 1139 1135 vocativo
1166 1067 1257 1152 μύλα)
1282 1073 1324 1136 ab
1347 1073 1492 1137 Aeolieis

313 1191 422 1254 brevis
444 1211 599 1255 mensura
622 1192 701 1256 data
724 1193 774 1255 sit.
822 1192 887 1256 Sed
904 1212 971 1256 non
987 1193 1118 1257 fecerim
1133 1213 1207 1258 curn
1223 1195 1491 1279 Wilamowitzio,

314 1316 369 1397 qui
392 1316 560 1380 Aeolicum
584 1316 716 1399 aliquod
741 1318 836 1382 colon
858 1317 911 1381 hie
938 1318 1039 1382 latere
1063 1318 1224 1399 opinatur.
1271 1319 1358 1384 Nam
1388 1322 1491 1385 rebus

193 1485 195 1490 ·
312 1441 411 1505 modo
435 1441 604 1523 pensitatis
621 1461 901 1523 supervacaneum
916 1446 949 1506 et
965 1442 1076 1505 inutile
1100 1462 1172 1506 esse
1194 1444 1274 1506 mihi
1299 1444 1428 1509 videtur
1452 1447 1487 1509 in

312 1570 416 1630 metro
441 1567 625 1648 diligentius
649 1562 837 1650 quaerendo
861 1572 989 1650 tempus
1013 1573 1117 1633 terere
1140 1573 1339 1651 ettoperam.

371 1729 375 1735 -
402 1691 616 1756 Albereehtus
629 1693 827 1757 Dieterich
843 1692 877 1756 in
893 1694 974 1758 libro
994 1692 1215 1758 suorlbruaas
1228 1691 1374 1777 (Lapaiq
1389 1692 1491 1775 1891)

312 1835 344 1897 p.
362 1815 404 1879 79
428 1836 468 1879 ex
491 1815 675 1898 Pap..Mag.
694 1817 797 1881 Paris.
822 1838 852 1880 ν.
871 1818 958 1882 3086
982 1837 1054 1899 sqq.
1082 1818 1190 1892 locum
1220 1819 1400 1901 exscripsit,
1431 1821 1491 1883 ubi

312 1939 449 2003 molario
474 1940 601 2004 cantico
624 1942 812 2021 magieurn
837 1941 1000 2023 quendam
1025 1942 1176 2006 effectum
1201 1944 1391 2007 attributum
1415 1964 1490 2008 esse

312 2064 509 2127 invenimus:
527 2063 654 2140 μαντεία
672 2064 801 2142 Κρονική
818 2065 989 2142 Ζητουμένη
1006 2066 1189 2143 καλουμένη.
1215 2066 1365 2145 μυλάριον
1380 2070 1491 2146 λαβὼν

312 2190 391 2268 ἁλός
414 2190 551 2270 χοίνικας
574 2191 632 2252 δύο
656 2189 801 2267 ἀληθέται
818 2191 1000 2275 χειρομυλίῳ
1016 2193 1117 2268 λέγων
1141 2194 1199 2256 τὸν
1215 2193 1312 2268 λόγον
1328 2194 1488 2271 πολλάκις,

313 2314 375 2391 ἕως
399 2313 417 2377 ὁ
441 2313 519 2391 θεός
543 2330 597 2377 σοι
620 2313 720 2396 ὀφθῇ.
770 2315 946 2379 ....ὁδὲ
968 2315 1064 2392 λόγος
1088 2315 1291 2394 ὁλεγόμενος
1307 2315 1490 2395 ἀλήθοντός

314 2439 376 2502 σοίι
400 2439 487 2502 ἐστιν
511 2436 625 2515 οὗτος·
650 2437 762 2515 λόγος·
789 2455 828 2501 σε
851 2443 936 2502 καλῶ
960 2441 1017 2504 τὸν
1041 2441 1137 2518 μέγαν
1154 2439 1244 2515 ἅγιον
1260 2441 1317 2504 τὸν
1333 2440 1489 2505 κτίσαντα

312 2567 370 2641 γῆν
395 2562 568 2638 σύμπασαν
593 2561 787 2640 οἰκουμένην,
819 2563 907 2646 dard
930 2562 1065 2641 ἀνόμιμα
1088 2564 1213 2640 ἐγένετο
1237 2564 1299 2627 ὑπὸ
1323 2569 1382 2628 τοῦ
1407 2564 1488 2629 ἰδίου

313 2689 434 2763 τέκνου,
466 2688 504 2749 ὃν
529 2685 675 2764 ὁἭλιος
703 2686 923 2764 ἀδαμαντίνοις
950 2689 1102 2766 κατέδησε
1131 2692 1269 2766 δεσμοῖς,
1296 2689 1350 2753 ἵνα
1378 2692 1418 2767 μὴ
1449 2692 1488 2754 τὸ

313 2815 377 2876 πᾶν
400 2817 554 2897 συγχυθῇ,
573 2811 785 2891 ἀμσενόδηλυ,
811 2813 1185 2893 βροντοκερουνοπάτωρ,
1211 2814 1249 2892 ὃς
1263 2815 1313 2877 καὶ
1328 2819 1395 2878 τῶν
1420 2815 1486 2878 ὑπὸ

312 2942 370 3015 γῆν
400 2937 537 3016 κατέχεις
567 2957 644 3000 αιεοι
674 2937 832 3013 παίδολις,
865 2942 1105 3017 φρενοτειχειδαι
1137 2941 1298 3021 στυγᾴδης
1328 2942 1488 3004 σανκλεον

262 3049 265 3056 ’
311 3063 481 3141 γενέχρονα
504 3071 654 3141 κοιμαψαϊ
677 3065 801 3141 κηριδεν
824 3065 980 3140 θαλαμνιοι
1005 3062 1119 3142 όχεῦτα
1147 3063 1263 3138 ἀνεδει,
1294 3063 1381 3139 ἐλθὲ,
1414 3064 1489 3126 δέσ-

311 3207 403 3262 ποτα,
428 3190 484 3250 θεὲ
504 3187 553 3250 καὶ
576 3188 645 3263 λέγε
669 3188 703 3252 ἐν
726 3186 845 3271 ἀνάγκη
870 3187 939 3265 περὶ
962 3190 1020 3249 τοῦ
1045 3187 1076 3273 ᾼ
1101 3187 1296 3265 πράγματος.
1343 3187 1407 3263 ἐγὼ
1425 3187 1488 3266 γάρ

311 3313 368 3391 εἰμι
392 3312 626 3390 δάποσταθείς
644 3330 707 3389 σοι,
732 3315 884 3391 παιδόλης
908 3312 1056 3391 μοινόλης
1078 3314 1266 3392 μαινολιεύς
1291 3313 1392 3377 ταῦτά
1417 3314 1489 3403 ἐστι

311 3439 351 3501 τὰ
373 3439 525 3515 λεγόμενα
548 3442 606 3502 τοῦ
630 3439 707 3516 ἁλὸς
730 3439 940 3517 ἀληθομένου.

401 3565 437 3628 ln
461 3564 561 3627 verbo
586 3564 951 3641 βροντοκεραυνοπάτωρ
967 3565 1179 3628 Dieteriehius
1202 3565 1356 3628 metricae
1380 3536 1490 3627 euius·

313 3688 390 3752 dam
413 3690 537 3753 l'ormae
561 3689 714 3770 reliquias
732 3690 876 3771 agnovit.
923 3689 1055 3764 Maioris
1068 3690 1224 3755 momenti
1240 3693 1299 3769 est,
1325 3690 1414 3771 quod
1434 3690 1489 3754 ille

312 3813 393 3876 dixit
416 3812 456 3876 de
472 3813 607 3876 vo'ribus
623 3812 783 3890 παιδόλης,
809 3813 967 3890 μαινόλης,
993 3812 1147 3892 φαινόλης
1169 3817 1202 3877 et
1218 3814 1289 3878 aliis
1312 3814 1409 3878 huius
1426 3815 1489 3879 loci

312 3939 418 4001 verbis
443 3939 598 4002 obscuris,

401 4064 500 4127 Putat
523 4065 610 4128 enim
633 4064 715 4127 haee
738 4065 839 4128 verba
863 4066 940 4127 certi
964 4085 1078 4128 sensus
1101 4069 1133 4128 et
1156 4067 1298 4129 notionis
1321 4066 1387 4129 iarn
1410 4085 1488 4129 eam

311 4186 354 4252 nb
377 4205 512 4250 causam
535 4206 602 4250 non
625 4187 779 4268 indigere,
813 4187 900 4269 quod
931 4207 971 4250 ea
993 4187 1073 4251 nihil
1101 4188 1219 4252 fuerint
1247 4189 1308 4251 nisi
1331 4207 1487 4252 versuum

312 4312 539 4393 supplementa
574 4311 766 4393 rhythmica
821 4311 980 4393 Equidem
1010 4312 1103 4376 aliter
1132 4312 1352 4376 indicaverim.
1399 4313 1487 4376 Nam
