3159 4942
785 248 1005 310 -ac-
1563 232 1566 393 Ι

310 442 446 505 lectione
465 442 642 523 contigerit,
661 444 698 504 ut
713 442 838 504 Ionicos
853 462 964 506 versus
979 442 1151 506 emendate
1171 446 1337 516 statueret,
1352 442 1495 525 quidam
1564 472 1567 629 1

310 565 436 628 numeri
459 565 511 628 hic
534 565 634 628 latere
659 564 818 642 videntur,
843 565 908 646 qui,
933 586 1006 629 cum
1030 566 1138 630 hausti
1161 566 1226 630 sint
1244 586 1285 630 ex
1299 566 1494 632 moliturum

309 689 518 765 motionibus
543 690 725 752 accuratius
748 689 916 771 explanari
939 707 1006 752 non
1033 693 1179 770 possunt.
1227 689 1301 767 Qua
1332 690 1494 771 opinione
1565 708 1567 829 t

309 833 377 876 non
400 813 587 891 destiterim,
617 813 744 877 etiarnsi
767 814 911 878 concedo
941 817 1126 878 contextum
1163 813 1336 878 verborum
1368 835 1389 877 a
1413 813 1494 877 Plu·

309 942 423 1005 tarcho
447 943 667 1022 propagatum
690 960 756 1002 non
780 940 942 1021 integrum
965 961 1036 1004 esse
1059 946 1092 1005 et
1116 938 1319 1022 genuinum.¹

399 1065 465 1128 Sed
489 1065 552 1129 alia
576 1084 707 1146 quoque
730 1063 855 1126 ratione
872 1065 1061 1141 admoneor,
1085 1067 1122 1128 ut
1137 1064 1307 1128 definitum
1323 1065 1365 1129 de
1382 1067 1493 1129 metro

310 1190 463 1254 iudicium
488 1189 659 1252 retineam:
684 1187 850 1251 Hubertus
873 1188 1016 1251 Pernot
1038 1209 1195 1269 magnum
1217 1209 1393 1253 numerum
1418 1210 1494 1253 car·

309 1314 434 1377 minum
457 1312 664 1394 popularium
687 1311 874 1374 recentioris
898 1299 1053 1376 Graeciae
1076 1313 1110 1375 in
1126 1311 1207 1376 Chio
1231 1313 1337 1376 insula
1358 1313 1492 1395 collegit

309 1438 398 1502 etin
422 1435 591 1500 Noaoclles
614 1434 755 1497 arcticos
777 1436 831 1498 des
854 1437 1005 1500 missioos
1032 1437 1253 1516 scientifiqucs
1289 1436 1352 1500 XI
1371 1436 1491 1519 (1903)

309 1562 419 1643 palam
442 1562 526 1625 fecit.
572 1560 659 1623 Illius
689 1559 747 1622 viri
771 1560 881 1632 verba,
907 1580 992 1641 quae
1016 1560 1148 1642 quidem
1171 1561 1205 1623 in
1227 1561 1248 1624 l.
1266 1582 1290 1624 s.
1305 1581 1337 1643 p.
1355 1562 1420 1625 iso
1438 1583 1490 1646 sq.

309 1689 469 1769 leguntur,
487 1687 582 1751 liceat
597 1687 649 1750 hic
666 1686 860 1749 exscribere:
886 1680 935 1749 lla
945 1683 1010 1764 fait
1025 1689 1070 1748 cst
1085 1684 1182 1749 croto
1200 1685 1254 1749 cles
1273 1687 1488 1758 rroirrtcnorrt,

307 1810 402 1892 urtice
425 1829 491 1873 uox
519 1808 625 1873 e'trrdes
654 1808 692 1872 de
716 1809 765 1874 M.
789 1809 1206 1893 Borryorit-Ducorrciroy:
1231 1811 1263 1874 lu
1288 1812 1426 1889 pirrport
1451 1813 1492 1876 rie
1567 1898 1568 1905 ἵ

309 1956 363 2000 ces.
381 1937 451 1999 nirs
475 1935 637 1999 moderoes
660 1941 732 2000 serit
755 1937 926 2000 ruricicurte
950 1934 1076 2015 ci’opris
1099 1938 1144 2001 les
1153 1938 1322 2018 principes
1345 1938 1385 2001 cie
1399 1959 1488 2021 quor·
1567 1916 1568 1959 ¹

308 2081 374 2124 roes
401 2060 559 2141 antiques,
607 2059 673 2124 Des
701 2062 774 2137 lois,
804 2082 867 2124 roe
894 2061 1091 2141 dispartitur
1117 2063 1211 2126 totale
1241 2064 1280 2127 cie
1308 2063 1492 2129 i'ancicrrne

309 2187 462 2263 musique,
487 2183 559 2248 elice
581 2206 627 2248 arr
645 2185 761 2264 proriis
785 2188 876 2249 aussi
900 2191 1120 2250 conscrootear
1142 2207 1201 2268 quc
1224 2187 1268 2251 les
1294 2187 1402 2265 Grccs,
1429 2209 1491 2268 ap-

304 2310 417 2387 paruit
440 2328 555 2372 comme
578 2327 667 2380 osser
689 2307 981 2387 incrustatura
1005 2309 1045 2373 te
1060 2310 1101 2373 ori
1125 2311 1152 2374 ie
1170 2311 1252 2391 fond
1267 2313 1305 2376 de
1320 2310 1354 2375 lu
1370 2313 1491 2394 ianque

309 2438 337 2496 et
361 2432 415 2496 cies
438 2433 609 2496 traditione
632 2437 677 2496 cst
701 2432 845 2496 derisuri
868 2433 896 2496 le
918 2435 1024 2507 mirre,
1050 2434 1077 2497 te
1098 2432 1179 2512 forrrl
1202 2435 1335 2499 musical
1350 2438 1445 2501 aussi
1469 2461 1490 2500 o

304 2577 353 2637 pu
375 2561 475 2620 rester
498 2559 609 2621 tritaet.
656 2556 834 2637 Plotorqrre
857 2577 938 2621 nous
960 2577 982 2620 o
1005 2562 1159 2621 transitis
1182 2559 1227 2622 les
1236 2560 1367 2638 paretes
1388 2555 1492 2626 d'urre

309 2679 448 2745 clausor
472 2679 620 2765 ditepar
642 2699 705 2744 aar
725 2678 842 2759 fenrmc
864 2681 901 2743 cle
917 2681 1033 2746 Lesbos
1055 2702 1170 2746 conante
1192 2692 1491 2766 accomraqaemenr

308 2808 330 2872 ὰ
353 2809 387 2873 la
409 2808 524 2872 merle:

467 2968 558 3045 Ἂλει,
583 2971 670 3048 μύλη,
696 2969 760 3033 ἄλει

467 3097 599 3174 καὶγὰρ
623 3095 781 3173 Πιττακὸς
805 3096 869 3159 citet
895 3148 900 3159 .
929 3148 934 3158 .
962 3149 967 3159 .

397 3257 448 3321 Lo
471 3259 632 3322 incutere
655 3258 798 3338 quistiort
821 3263 866 3322 cst
888 3258 961 3322 celle
984 3258 1077 3338 qo'orz
1099 3264 1209 3322 torrae
1232 3259 1252 3321 ἀ
1276 3261 1309 3322 lo
1325 3261 1426 3335 orosio,
1454 3263 1492 3325 la

307 3381 481 3462 χειρομύλη.
530 3379 576 3445 Or
600 3382 672 3445 c'est
694 3402 804 3444 encore
827 3382 865 3445 cle
888 3386 960 3444 cette
983 3383 1124 3446 mortiers
1147 3384 1241 3463 qrr'oo
1264 3383 1361 3447 rnorrcl
1384 3384 1413 3448 lc
1439 3385 1492 3449 bte'

308 3508 391 3573 doris
413 3506 441 3570 ic
461 3508 546 3572 nord
568 3508 606 3572 rie
632 3504 711 3571 Citio
734 3512 762 3571 et
783 3528 860 3572 sous
883 3507 975 3573 dorric
997 3509 1087 3573 aussi
1108 3506 1316 3591 erutione
1339 3507 1490 3595 l'irrstrri-

307 3638 399 3708 merit,
425 3634 502 3697 dont
525 3653 567 3696 ort
589 3653 621 3697 se
644 3638 715 3710 sert,
739 3630 888 3713 s'uppclle
910 3635 1091 3713 χερόμυλος,
1120 3634 1164 3697 lcs
1186 3653 1277 3697 noros
1299 3633 1337 3697 rie
1359 3654 1409 3699 ses
1434 3635 1490 3699 di-

307 3779 410 3823 verses
419 3758 545 3839 porties
560 3763 632 3822 sont
647 3763 717 3823 toas
731 3778 828 3841 ursos,
854 3764 882 3822 et
898 3759 941 3821 tcs
954 3757 1084 3837 femmrs
1100 3758 1255 3836 clrsoutent,
1273 3779 1311 3822 ra
1327 3760 1488 3835 referiunt,

308 3883 361 3948 cies
379 3883 508 3963 paretes
530 3902 645 3948 comme
668 3884 818 3947 celles-ci:

465 4024 586 4099 Ἄλεθε,
612 4024 686 4102 μύλε
710 4020 739 4102 μ’
764 4024 867 4099 ἄλεθε,
893 4026 1013 4102 κλιθάρι
1035 4027 1084 4088 καὶ
1109 4025 1220 4104 σιτάρι,

468 4150 508 4213 vir
531 4153 725 4226 παντερευτή
748 4149 767 4226 ἡ
790 4149 914 4227 λυγερή,
938 4148 977 4210 νὰ
1002 4148 1085 4226 πάρη
1109 4150 1289 4227 παλληκάρι.

320 4275 520 4282 v.-,.-.--—-—-

398 4324 407 4355 ¹
426 4325 455 4378 V.
477 4325 723 4381 Wilamowitzii
743 4326 873 4381 iudicium
892 4325 909 4377 l.
924 4342 954 4387 c,
974 4341 999 4394 p.
1013 4325 1073 4379 uto.
