<?xml version="1.0" encoding="UTF-8"?>
<!DOCTYPE html PUBLIC "-//W3C//DTD XHTML 1.0 Transitional//EN"
    "http://www.w3.org/TR/xhtml1/DTD/xhtml1-transitional.dtd">
<html xmlns="http://www.w3.org/1999/xhtml" xml:lang="en" lang="en">
 <head>
  <title>
</title>
<meta http-equiv="Content-Type" content="text/html;charset=utf-8" />
  <meta name='ocr-system' content='tesseract 3.04.00' />
  <meta name='ocr-capabilities' content='ocr_page ocr_carea ocr_par ocr_line ocrx_word'/>
</head>
<body>
  <div class='ocr_page' id='page_1' title='image "./deoperariorumca00hinrgoog_0036.png"; bbox 0 0 3159 4942; ppageno 0'>
   <div class='ocr_carea' id='block_1_1' title="bbox 772 243 991 306">
    <p class='ocr_par' dir='ltr' id='par_1_1' title="bbox 772 243 991 306">
     <span class='ocr_line' id='line_1_1' title="bbox 772 243 991 306; baseline 0 -19"><span class='ocrx_word' id='word_1_1' title='bbox 772 243 991 306; x_wconf 72' lang='lat'>..30-</span> 
     </span>
    </p>
   </div>
   <div class='ocr_carea' id='block_1_2' title="bbox 211 441 1476 880">
    <p class='ocr_par' dir='ltr' id='par_1_2' title="bbox 211 441 1476 649">
     <span class='ocr_line' id='line_1_2' title="bbox 211 441 1476 526; baseline 0.001 -23"><span class='ocrx_word' id='word_1_2' title='bbox 211 481 213 485; x_wconf 93' lang='lat'><em>-</em></span> <span class='ocrx_word' id='word_1_3' title='bbox 296 441 365 506; x_wconf 90' lang='lat' dir='ltr'>iure</span> <span class='ocrx_word' id='word_1_4' title='bbox 389 443 439 506; x_wconf 89' lang='lat' dir='ltr'>ille</span> <span class='ocrx_word' id='word_1_5' title='bbox 462 443 549 519; x_wconf 87' lang='grc' dir='ltr'>λίνος</span> <span class='ocrx_word' id='word_1_6' title='bbox 572 444 794 526; x_wconf 82' lang='lat' dir='ltr'>operariorum</span> <span class='ocrx_word' id='word_1_7' title='bbox 818 443 1053 507; x_wconf 79' lang='lat' dir='ltr'>cantilenarum</span> <span class='ocrx_word' id='word_1_8' title='bbox 1069 444 1102 505; x_wconf 94' lang='lat' dir='ltr'>in</span> <span class='ocrx_word' id='word_1_9' title='bbox 1118 461 1254 506; x_wconf 90' lang='lat' dir='ltr'>numero</span> <span class='ocrx_word' id='word_1_10' title='bbox 1280 442 1476 506; x_wconf 84' lang='lat' dir='ltr'>collocetur.</span> 
     </span>
     <span class='ocr_line' id='line_1_3' title="bbox 295 566 1082 649; baseline 0 -19"><span class='ocrx_word' id='word_1_11' title='bbox 295 566 361 631; x_wconf 88' lang='lat' dir='ltr'>Sed</span> <span class='ocrx_word' id='word_1_12' title='bbox 384 587 443 648; x_wconf 89' lang='lat' dir='ltr'>per</span> <span class='ocrx_word' id='word_1_13' title='bbox 466 568 664 632; x_wconf 86' lang='lat' dir='ltr'>deverticula</span> <span class='ocrx_word' id='word_1_14' title='bbox 687 568 786 631; x_wconf 88' lang='lat' dir='ltr'>linem</span> <span class='ocrx_word' id='word_1_15' title='bbox 810 571 920 649; x_wconf 86' lang='lat' dir='ltr'>petere</span> <span class='ocrx_word' id='word_1_16' title='bbox 943 571 1082 649; x_wconf 90' lang='lat' dir='ltr'>oportet.</span> 
     </span>
    </p>

    <p class='ocr_par' dir='ltr' id='par_1_3' title="bbox 293 691 1475 880">
     <span class='ocr_line' id='line_1_4' title="bbox 385 691 1475 773; baseline 0 -20"><span class='ocrx_word' id='word_1_17' title='bbox 385 691 454 754; x_wconf 90' lang='lat' dir='ltr'>lam</span> <span class='ocrx_word' id='word_1_18' title='bbox 469 691 677 769; x_wconf 80' lang='lat' dir='ltr'>HomeruS,</span> <span class='ocrx_word' id='word_1_19' title='bbox 690 693 758 755; x_wconf 75' lang='lat' dir='ltr'>&#39;ubi</span> <span class='ocrx_word' id='word_1_20' title='bbox 781 692 815 755; x_wconf 92' lang='lat' dir='ltr'>in</span> <span class='ocrx_word' id='word_1_21' title='bbox 832 691 965 755; x_wconf 87' lang='lat' dir='ltr'>Achillis</span> <span class='ocrx_word' id='word_1_22' title='bbox 989 692 1099 773; x_wconf 86' lang='lat' dir='ltr'>clipeo.</span> <span class='ocrx_word' id='word_1_23' title='bbox 1116 692 1331 773; x_wconf 88' lang='lat' dir='ltr'>describendo</span> <span class='ocrx_word' id='word_1_24' title='bbox 1355 691 1475 754; x_wconf 88' lang='lat' dir='ltr'>vinde-</span> 
     </span>
     <span class='ocr_line' id='line_1_5' title="bbox 293 815 1473 880; baseline 0 -2"><span class='ocrx_word' id='word_1_25' title='bbox 293 816 447 880; x_wconf 87' lang='lat' dir='ltr'>miatores</span> <span class='ocrx_word' id='word_1_26' title='bbox 470 817 592 879; x_wconf 79' lang='lat' dir='ltr'>inducit</span> <span class='ocrx_word' id='word_1_27' title='bbox 615 816 687 878; x_wconf 87' lang='lat' dir='ltr'>uvis</span> <span class='ocrx_word' id='word_1_28' title='bbox 717 815 832 879; x_wconf 87' lang='lat' dir='ltr'>messis</span> <span class='ocrx_word' id='word_1_29' title='bbox 862 815 996 878; x_wconf 91' lang='lat' dir='ltr'>domum</span> <span class='ocrx_word' id='word_1_30' title='bbox 1026 815 1199 879; x_wconf 87' lang='lat' dir='ltr'>redeuntes</span> <span class='ocrx_word' id='word_1_31' title='bbox 1229 815 1284 878; x_wconf 92' lang='lat' dir='ltr'>lini</span> <span class='ocrx_word' id='word_1_32' title='bbox 1315 817 1473 879; x_wconf 84' lang='lat' dir='ltr'>carminis</span> 
     </span>
    </p>
   </div>
   <div class='ocr_carea' id='block_1_3' title="bbox 295 937 974 1022">
    <p class='ocr_par' dir='ltr' id='par_1_4' title="bbox 295 937 974 1022">
     <span class='ocr_line' id='line_1_6' title="bbox 295 937 974 1022; baseline -0.006 -16"><span class='ocrx_word' id='word_1_33' title='bbox 295 942 372 1006; x_wconf 88' lang='lat' dir='ltr'>facit</span> <span class='ocrx_word' id='word_1_34' title='bbox 393 944 592 1006; x_wconf 90' lang='lat' dir='ltr'>mentionem</span> <span class='ocrx_word' id='word_1_35' title='bbox 616 939 787 1022; x_wconf 58' lang='lat'>(112569</span> <span class='ocrx_word' id='word_1_36' title='bbox 806 961 876 1022; x_wconf 86' lang='lat' dir='ltr'><strong>sqq.</strong></span> <span class='ocrx_word' id='word_1_37' title='bbox 895 937 974 1020; x_wconf 82' lang='lat' dir='ltr'>L.)¹:</span> 
     </span>
    </p>
   </div>
   <div class='ocr_carea' id='block_1_4' title="bbox 452 1105 1270 1565">
    <p class='ocr_par' dir='ltr' id='par_1_5' title="bbox 452 1105 1270 1565">
     <span class='ocr_line' id='line_1_7' title="bbox 454 1105 1224 1192; baseline -0.003 -19"><span class='ocrx_word' id='word_1_38' title='bbox 454 1115 555 1174; x_wconf 84' lang='grc' dir='ltr'>τοῖσιν</span> <span class='ocrx_word' id='word_1_39' title='bbox 579 1105 607 1172; x_wconf 76' lang='grc' dir='ltr'>δ’</span> <span class='ocrx_word' id='word_1_40' title='bbox 632 1111 666 1174; x_wconf 84' lang='grc' dir='ltr'>ἐν</span> <span class='ocrx_word' id='word_1_41' title='bbox 690 1110 839 1188; x_wconf 80' lang='grc' dir='ltr'>μέσσοισι</span> <span class='ocrx_word' id='word_1_42' title='bbox 862 1110 936 1186; x_wconf 93' lang='grc' dir='ltr'>πάις</span> <span class='ocrx_word' id='word_1_43' title='bbox 960 1108 1108 1187; x_wconf 85' lang='grc' dir='ltr'>φόρμιγγι</span> <span class='ocrx_word' id='word_1_44' title='bbox 1131 1109 1224 1192; x_wconf 85' lang='grc' dir='ltr'>λιγείῃ</span> 
     </span>
     <span class='ocr_line' id='line_1_8' title="bbox 454 1227 1239 1312; baseline 0.001 -17"><span class='ocrx_word' id='word_1_45' title='bbox 454 1234 575 1312; x_wconf 84' lang='grc' dir='ltr'>ἱμερόεν</span> <span class='ocrx_word' id='word_1_46' title='bbox 597 1234 744 1312; x_wconf 77' lang='grc' dir='ltr'>κιθάριζε,</span> <span class='ocrx_word' id='word_1_47' title='bbox 768 1233 874 1297; x_wconf 83' lang='grc' dir='ltr'><strong>λίνον</strong></span> <span class='ocrx_word' id='word_1_48' title='bbox 898 1227 925 1295; x_wconf 76' lang='grc' dir='ltr'>δ’</span> <span class='ocrx_word' id='word_1_49' title='bbox 951 1233 1014 1295; x_wconf 85' lang='grc' dir='ltr'>ὑπὸ</span> <span class='ocrx_word' id='word_1_50' title='bbox 1038 1235 1134 1296; x_wconf 90' lang='grc' dir='ltr'>καλὸν</span> <span class='ocrx_word' id='word_1_51' title='bbox 1158 1232 1239 1296; x_wconf 85' lang='grc' dir='ltr'>άειθε</span> 
     </span>
     <span class='ocr_line' id='line_1_9' title="bbox 453 1356 1218 1441; baseline -0.003 -20"><span class='ocrx_word' id='word_1_52' title='bbox 453 1360 603 1441; x_wconf 76' lang='grc' dir='ltr'>λεπταλέῃ</span> <span class='ocrx_word' id='word_1_53' title='bbox 628 1364 739 1441; x_wconf 84' lang='grc' dir='ltr'>φωνῇ·</span> <span class='ocrx_word' id='word_1_54' title='bbox 765 1359 814 1420; x_wconf 89' lang='grc' dir='ltr'>τοὶ</span> <span class='ocrx_word' id='word_1_55' title='bbox 837 1360 871 1419; x_wconf 67' lang='lat' dir='ltr'>bt</span> <span class='ocrx_word' id='word_1_56' title='bbox 895 1356 1075 1435; x_wconf 81' lang='grc' dir='ltr'>ῥήσσοντες</span> <span class='ocrx_word' id='word_1_57' title='bbox 1097 1357 1218 1439; x_wconf 86' lang='grc' dir='ltr'>ἁμαρτῇ</span> 
     </span>
     <span class='ocr_line' id='line_1_10' title="bbox 452 1476 1270 1565; baseline 0.001 -21"><span class='ocrx_word' id='word_1_58' title='bbox 452 1486 553 1564; x_wconf 82' lang='grc' dir='ltr'>μολπῇ</span> <span class='ocrx_word' id='word_1_59' title='bbox 577 1476 610 1544; x_wconf 72' lang='grc' dir='ltr'>τ’,</span> <span class='ocrx_word' id='word_1_60' title='bbox 631 1482 729 1565; x_wconf 83' lang='grc' dir='ltr'>ἰυγμῷ</span> <span class='ocrx_word' id='word_1_61' title='bbox 753 1503 787 1545; x_wconf 87' lang='grc' dir='ltr'>τε</span> <span class='ocrx_word' id='word_1_62' title='bbox 811 1483 908 1545; x_wconf 90' lang='grc' dir='ltr'>ποσὶν</span> <span class='ocrx_word' id='word_1_63' title='bbox 933 1482 1119 1559; x_wconf 84' lang='grc' dir='ltr'>σκαίροντες</span> <span class='ocrx_word' id='word_1_64' title='bbox 1142 1482 1270 1545; x_wconf 85' lang='grc' dir='ltr'>ἕποντο.</span> 
     </span>
    </p>
   </div>
   <div class='ocr_carea' id='block_1_5' title="bbox 289 1651 1514 2355">
    <p class='ocr_par' dir='ltr' id='par_1_6' title="bbox 289 1651 1514 2355">
     <span class='ocr_line' id='line_1_11' title="bbox 381 1651 1470 1728; baseline 0.001 -15"><span class='ocrx_word' id='word_1_65' title='bbox 381 1651 506 1728; x_wconf 85' lang='lat' dir='ltr'>Quibus</span> <span class='ocrx_word' id='word_1_66' title='bbox 519 1652 665 1715; x_wconf 85' lang='lat' dir='ltr'>versibus</span> <span class='ocrx_word' id='word_1_67' title='bbox 682 1652 876 1715; x_wconf 74' lang='lat' dir='ltr'>scholiastae</span> <span class='ocrx_word' id='word_1_68' title='bbox 892 1652 1007 1715; x_wconf 88' lang='lat' dir='ltr'>uberes</span> <span class='ocrx_word' id='word_1_69' title='bbox 1025 1652 1274 1715; x_wconf 89' lang='lat' dir='ltr'>commentarios</span> <span class='ocrx_word' id='word_1_70' title='bbox 1289 1654 1322 1715; x_wconf 91' lang='lat' dir='ltr'>et</span> <span class='ocrx_word' id='word_1_71' title='bbox 1338 1653 1470 1716; x_wconf 89' lang='lat' dir='ltr'>criticos</span> 
     </span>
     <span class='ocr_line' id='line_1_12' title="bbox 291 1775 1469 1859; baseline -0.001 -18"><span class='ocrx_word' id='word_1_72' title='bbox 291 1781 323 1841; x_wconf 89' lang='lat' dir='ltr'>et</span> <span class='ocrx_word' id='word_1_73' title='bbox 340 1777 509 1841; x_wconf 88' lang='lat' dir='ltr'>historicos</span> <span class='ocrx_word' id='word_1_74' title='bbox 526 1777 754 1859; x_wconf 86' lang='lat' dir='ltr'>ascripserunt.</span> <span class='ocrx_word' id='word_1_75' title='bbox 784 1776 913 1840; x_wconf 89' lang='lat' dir='ltr'>Nomen</span> <span class='ocrx_word' id='word_1_76' title='bbox 934 1778 1040 1858; x_wconf 93' lang='lat' dir='ltr'>ipsum</span> <span class='ocrx_word' id='word_1_77' title='bbox 1053 1776 1086 1838; x_wconf 91' lang='lat' dir='ltr'>in</span> <span class='ocrx_word' id='word_1_78' title='bbox 1098 1776 1226 1839; x_wconf 88' lang='lat' dir='ltr'>scholiis</span> <span class='ocrx_word' id='word_1_79' title='bbox 1240 1775 1469 1840; x_wconf 88' lang='lat' dir='ltr'>Townleia-</span> 
     </span>
     <span class='ocr_line' id='line_1_13' title="bbox 290 1897 1468 1983; baseline -0.002 -18"><span class='ocrx_word' id='word_1_80' title='bbox 290 1903 350 1965; x_wconf 86' lang='lat' dir='ltr'>nis</span> <span class='ocrx_word' id='word_1_81' title='bbox 371 1903 417 1964; x_wconf 86' lang='lat' dir='ltr'>sic</span> <span class='ocrx_word' id='word_1_82' title='bbox 432 1902 625 1982; x_wconf 85' lang='lat' dir='ltr'>explanatur</span> <span class='ocrx_word' id='word_1_83' title='bbox 641 1898 940 1981; x_wconf 72' lang='lat' dir='ltr'>(rec-ErnMaass</span> <span class='ocrx_word' id='word_1_84' title='bbox 957 1922 989 1983; x_wconf 82' lang='lat' dir='ltr'>p.</span> <span class='ocrx_word' id='word_1_85' title='bbox 1008 1897 1101 1981; x_wconf 67' lang='grc' dir='ltr'>θίθίε</span> <span class='ocrx_word' id='word_1_86' title='bbox 1132 1900 1234 1962; x_wconf 90' lang='grc' dir='ltr'>λίνον·</span> <span class='ocrx_word' id='word_1_87' title='bbox 1266 1900 1296 1962; x_wconf 81' lang='lat' dir='ltr'>ol</span> <span class='ocrx_word' id='word_1_88' title='bbox 1319 1901 1384 1976; x_wconf 80' lang='grc' dir='ltr'>μέν,</span> <span class='ocrx_word' id='word_1_89' title='bbox 1416 1900 1468 1963; x_wconf 88' lang='grc' dir='ltr'>ὅτι</span> 
     </span>
     <span class='ocr_line' id='line_1_14' title="bbox 291 2024 1514 2108; baseline -0.001 -21"><span class='ocrx_word' id='word_1_90' title='bbox 291 2026 328 2088; x_wconf 90' lang='grc' dir='ltr'>τὸ</span> <span class='ocrx_word' id='word_1_91' title='bbox 344 2029 475 2103; x_wconf 86' lang='grc' dir='ltr'>πρῶτον</span> <span class='ocrx_word' id='word_1_92' title='bbox 499 2024 567 2088; x_wconf 87' lang='grc' dir='ltr'>ἀντὶ</span> <span class='ocrx_word' id='word_1_93' title='bbox 583 2029 708 2104; x_wconf 79' lang='grc' dir='ltr'>χορδῶν</span> <span class='ocrx_word' id='word_1_94' title='bbox 732 2025 808 2108; x_wconf 83' lang='grc' dir='ltr'>λίνῳ</span> <span class='ocrx_word' id='word_1_95' title='bbox 833 2026 972 2105; x_wconf 83' lang='grc' dir='ltr'>ἐχρῶντο</span> <span class='ocrx_word' id='word_1_96' title='bbox 997 2026 1079 2103; x_wconf 89' lang='grc' dir='ltr'>πρὸς</span> <span class='ocrx_word' id='word_1_97' title='bbox 1095 2026 1151 2102; x_wconf 88' lang='grc' dir='ltr'>τὴν</span> <span class='ocrx_word' id='word_1_98' title='bbox 1180 2024 1313 2102; x_wconf 80' lang='grc' dir='ltr'>κιθάραν</span> <span class='ocrx_word' id='word_1_99' title='bbox 1336 2024 1466 2102; x_wconf 89' lang='grc' dir='ltr'>ἀπομεί-</span> <span class='ocrx_word' id='word_1_100' title='bbox 1512 2054 1514 2059; x_wconf 95' lang='grc'><strong><em>·</em></strong></span> 
     </span>
     <span class='ocr_line' id='line_1_15' title="bbox 291 2148 1468 2227; baseline -0.002 -14"><span class='ocrx_word' id='word_1_101' title='bbox 291 2169 408 2227; x_wconf 88' lang='grc' dir='ltr'>ναντος</span> <span class='ocrx_word' id='word_1_102' title='bbox 431 2153 489 2213; x_wconf 83' lang='grc' dir='ltr'>τοῦ</span> <span class='ocrx_word' id='word_1_103' title='bbox 513 2149 672 2227; x_wconf 86' lang='grc' dir='ltr'>ὀνόματος</span> <span class='ocrx_word' id='word_1_104' title='bbox 695 2185 738 2195; x_wconf 95' lang='grc'><strong>-</strong></span> <span class='ocrx_word' id='word_1_105' title='bbox 764 2150 810 2227; x_wconf 81' lang='grc' dir='ltr'>ὡς</span> <span class='ocrx_word' id='word_1_106' title='bbox 825 2151 873 2212; x_wconf 92' lang='grc' dir='ltr'>καὶ</span> <span class='ocrx_word' id='word_1_107' title='bbox 889 2150 1056 2226; x_wconf 78' lang='grc' dir='ltr'>λίθοντήν</span> <span class='ocrx_word' id='word_1_108' title='bbox 1073 2148 1211 2226; x_wconf 84' lang='grc' dir='ltr'>ἄγκυραν</span> <span class='ocrx_word' id='word_1_109' title='bbox 1227 2152 1377 2212; x_wconf 86' lang='grc' dir='ltr'>καλοῦσιν</span> <span class='ocrx_word' id='word_1_110' title='bbox 1401 2149 1468 2226; x_wconf 85' lang='grc' dir='ltr'>ἕως</span> 
     </span>
     <span class='ocr_line' id='line_1_16' title="bbox 289 2260 1464 2355; baseline -0.001 -18"><span class='ocrx_word' id='word_1_111' title='bbox 289 2277 348 2337; x_wconf 85' lang='grc' dir='ltr'>νῦν</span> <span class='ocrx_word' id='word_1_112' title='bbox 371 2308 415 2317; x_wconf 94' lang='grc'>-</span> <span class='ocrx_word' id='word_1_113' title='bbox 439 2274 469 2335; x_wconf 87' lang='grc' dir='ltr'>οἳ</span> <span class='ocrx_word' id='word_1_114' title='bbox 492 2275 535 2348; x_wconf 77' lang='grc' dir='ltr'>δέ,</span> <span class='ocrx_word' id='word_1_115' title='bbox 560 2272 608 2336; x_wconf 85' lang='grc' dir='ltr'>ὅτι</span> <span class='ocrx_word' id='word_1_116' title='bbox 625 2272 671 2350; x_wconf 84' lang='grc' dir='ltr'>ὡς</span> <span class='ocrx_word' id='word_1_117' title='bbox 686 2272 834 2350; x_wconf 81' lang='grc' dir='ltr'>ἀγροῖκος</span> <span class='ocrx_word' id='word_1_118' title='bbox 858 2271 876 2334; x_wconf 92' lang='grc' dir='ltr'>ὁ</span> <span class='ocrx_word' id='word_1_119' title='bbox 899 2277 973 2350; x_wconf 83' lang='grc' dir='ltr'>παῖς</span> <span class='ocrx_word' id='word_1_120' title='bbox 991 2273 1078 2337; x_wconf 92' lang='grc' dir='ltr'>λίνον</span> <span class='ocrx_word' id='word_1_121' title='bbox 1095 2260 1264 2336; x_wconf 86' lang='grc' dir='ltr'>ἐνετετάκει</span> <span class='ocrx_word' id='word_1_122' title='bbox 1283 2280 1321 2355; x_wconf 80' lang='grc' dir='ltr'>τῇ</span> <span class='ocrx_word' id='word_1_123' title='bbox 1337 2273 1464 2354; x_wconf 80' lang='grc' dir='ltr'>κιθάρᾳ.</span> 
     </span>
    </p>
   </div>
   <div class='ocr_carea' id='block_1_6' title="bbox 290 2396 1465 2501">
    <p class='ocr_par' dir='ltr' id='par_1_7' title="bbox 290 2396 1465 2501">
     <span class='ocr_line' id='line_1_17' title="bbox 290 2396 1465 2501; baseline -0.003 -37"><span class='ocrx_word' id='word_1_124' title='bbox 290 2401 443 2464; x_wconf 88' lang='lat' dir='ltr'>Similiter</span> <span class='ocrx_word' id='word_1_125' title='bbox 477 2402 510 2463; x_wconf 91' lang='lat' dir='ltr'>in</span> <span class='ocrx_word' id='word_1_126' title='bbox 546 2400 644 2501; x_wconf 79' lang='lat' dir='ltr'>schol.</span> <span class='ocrx_word' id='word_1_127' title='bbox 674 2400 744 2464; x_wconf 90' lang='lat' dir='ltr'>cod.</span> <span class='ocrx_word' id='word_1_128' title='bbox 773 2399 904 2463; x_wconf 88' lang='lat' dir='ltr'>Venet.</span> <span class='ocrx_word' id='word_1_129' title='bbox 928 2396 987 2463; x_wconf 57' lang='lat' dir='ltr'>A}</span> <span class='ocrx_word' id='word_1_130' title='bbox 1039 2400 1133 2463; x_wconf 91' lang='lat' dir='ltr'>Hanc</span> <span class='ocrx_word' id='word_1_131' title='bbox 1161 2400 1465 2482; x_wconf 87' lang='lat' dir='ltr'>interpretationem</span> 
     </span>
    </p>
   </div>
   <div class='ocr_carea' id='block_1_7' title="bbox 287 2520 1465 3230">
    <p class='ocr_par' dir='ltr' id='par_1_8' title="bbox 287 2520 1465 2858">
     <span class='ocr_line' id='line_1_18' title="bbox 289 2520 1465 2606; baseline -0.001 -19"><span class='ocrx_word' id='word_1_132' title='bbox 289 2523 534 2606; x_wconf 81' lang='lat' dir='ltr'>grammaticam</span> <span class='ocrx_word' id='word_1_133' title='bbox 559 2524 755 2588; x_wconf 80' lang='lat' dir='ltr'>reiciendum</span> <span class='ocrx_word' id='word_1_134' title='bbox 778 2543 850 2587; x_wconf 87' lang='lat' dir='ltr'>esse</span> <span class='ocrx_word' id='word_1_135' title='bbox 866 2523 931 2587; x_wconf 91' lang='lat' dir='ltr'>iam</span> <span class='ocrx_word' id='word_1_136' title='bbox 948 2523 1063 2587; x_wconf 84' lang='lat' dir='ltr'>loann.</span> <span class='ocrx_word' id='word_1_137' title='bbox 1082 2524 1269 2587; x_wconf 85' lang='lat' dir='ltr'>Stammer</span> <span class='ocrx_word' id='word_1_138' title='bbox 1293 2520 1364 2604; x_wconf 62' lang='grc' dir='ltr'>(λε’.</span> <span class='ocrx_word' id='word_1_139' title='bbox 1382 2545 1414 2606; x_wconf 88' lang='lat' dir='ltr'>p.</span> <span class='ocrx_word' id='word_1_140' title='bbox 1431 2520 1465 2603; x_wconf 84' lang='lat'>1)</span> 
     </span>
     <span class='ocr_line' id='line_1_19' title="bbox 287 2649 1463 2732; baseline 0.001 -20"><span class='ocrx_word' id='word_1_141' title='bbox 287 2650 423 2714; x_wconf 91' lang='lat' dir='ltr'>monuit.</span> <span class='ocrx_word' id='word_1_142' title='bbox 464 2650 551 2721; x_wconf 91' lang='lat' dir='ltr'>Nam</span> <span class='ocrx_word' id='word_1_143' title='bbox 571 2649 714 2714; x_wconf 87' lang='lat' dir='ltr'>Graecae</span> <span class='ocrx_word' id='word_1_144' title='bbox 737 2651 867 2731; x_wconf 82' lang='lat' dir='ltr'>linguae</span> <span class='ocrx_word' id='word_1_145' title='bbox 887 2650 961 2713; x_wconf 91' lang='lat' dir='ltr'>usui</span> <span class='ocrx_word' id='word_1_146' title='bbox 981 2654 1142 2732; x_wconf 83' lang='lat' dir='ltr'>repugnat</span> <span class='ocrx_word' id='word_1_147' title='bbox 1160 2649 1222 2712; x_wconf 84' lang='grc' dir='ltr'>ὑπὸ</span> <span class='ocrx_word' id='word_1_148' title='bbox 1243 2650 1330 2714; x_wconf 90' lang='grc' dir='ltr'>λίνον</span> <span class='ocrx_word' id='word_1_149' title='bbox 1349 2649 1463 2713; x_wconf 81' lang='grc' dir='ltr'>άείθειν</span> 
     </span>
     <span class='ocr_line' id='line_1_20' title="bbox 288 2775 843 2858; baseline 0.002 -21"><span class='ocrx_word' id='word_1_150' title='bbox 288 2775 394 2840; x_wconf 87' lang='lat' dir='ltr'>dicere</span> <span class='ocrx_word' id='word_1_151' title='bbox 418 2796 477 2858; x_wconf 89' lang='lat' dir='ltr'>pro</span> <span class='ocrx_word' id='word_1_152' title='bbox 505 2776 642 2853; x_wconf 82' lang='lat' dir='ltr'>„fidibus</span> <span class='ocrx_word' id='word_1_153' title='bbox 666 2776 843 2839; x_wconf 85' lang='lat' dir='ltr'>accinere“.</span> 
     </span>
    </p>

    <p class='ocr_par' dir='ltr' id='par_1_9' title="bbox 288 2898 1464 3230">
     <span class='ocr_line' id='line_1_21' title="bbox 378 2898 1464 2964; baseline -0.003 0"><span class='ocrx_word' id='word_1_154' title='bbox 378 2900 452 2964; x_wconf 89' lang='lat' dir='ltr'>Non</span> <span class='ocrx_word' id='word_1_155' title='bbox 482 2900 584 2963; x_wconf 94' lang='lat' dir='ltr'>multo</span> <span class='ocrx_word' id='word_1_156' title='bbox 614 2899 747 2962; x_wconf 88' lang='lat' dir='ltr'>maioris</span> <span class='ocrx_word' id='word_1_157' title='bbox 775 2899 1025 2963; x_wconf 87' lang='lat' dir='ltr'>scholiastarum</span> <span class='ocrx_word' id='word_1_158' title='bbox 1054 2899 1201 2963; x_wconf 88' lang='lat' dir='ltr'>doctrina</span> <span class='ocrx_word' id='word_1_159' title='bbox 1224 2899 1378 2962; x_wconf 86' lang='lat' dir='ltr'>historica</span> <span class='ocrx_word' id='word_1_160' title='bbox 1401 2898 1464 2961; x_wconf 93' lang='lat' dir='ltr'>du-</span> 
     </span>
     <span class='ocr_line' id='line_1_22' title="bbox 288 3023 1462 3104; baseline -0.001 -17"><span class='ocrx_word' id='word_1_161' title='bbox 288 3024 391 3088; x_wconf 89' lang='lat' dir='ltr'>cenda</span> <span class='ocrx_word' id='word_1_162' title='bbox 427 3028 485 3087; x_wconf 89' lang='lat' dir='ltr'>est.</span> <span class='ocrx_word' id='word_1_163' title='bbox 539 3023 682 3087; x_wconf 87' lang='lat' dir='ltr'>Narrant</span> <span class='ocrx_word' id='word_1_164' title='bbox 716 3024 803 3088; x_wconf 90' lang='lat' dir='ltr'>enim</span> <span class='ocrx_word' id='word_1_165' title='bbox 837 3024 1033 3089; x_wconf 87' lang='lat' dir='ltr'>Philochoro</span> <span class='ocrx_word' id='word_1_166' title='bbox 1069 3027 1200 3088; x_wconf 83' lang='lat' dir='ltr'>auctore</span> <span class='ocrx_word' id='word_1_167' title='bbox 1236 3023 1367 3098; x_wconf 83' lang='lat' dir='ltr'>Linum,</span> <span class='ocrx_word' id='word_1_168' title='bbox 1405 3024 1462 3104; x_wconf 87' lang='lat' dir='ltr'>qui</span> 
     </span>
     <span class='ocr_line' id='line_1_23' title="bbox 288 3145 1461 3230; baseline 0.003 -23"><span class='ocrx_word' id='word_1_169' title='bbox 288 3145 418 3208; x_wconf 90' lang='lat' dir='ltr'>chordis</span> <span class='ocrx_word' id='word_1_170' title='bbox 442 3146 580 3226; x_wconf 92' lang='lat' dir='ltr'>primum</span> <span class='ocrx_word' id='word_1_171' title='bbox 605 3165 683 3209; x_wconf 91' lang='lat' dir='ltr'>usus</span> <span class='ocrx_word' id='word_1_172' title='bbox 714 3150 809 3222; x_wconf 88' lang='lat' dir='ltr'>esset,</span> <span class='ocrx_word' id='word_1_173' title='bbox 841 3148 883 3210; x_wconf 88' lang='lat' dir='ltr'>ah</span> <span class='ocrx_word' id='word_1_174' title='bbox 907 3147 1056 3230; x_wconf 85' lang='lat' dir='ltr'>Apolline</span> <span class='ocrx_word' id='word_1_175' title='bbox 1088 3148 1252 3211; x_wconf 90' lang='lat' dir='ltr'>concisum</span> <span class='ocrx_word' id='word_1_176' title='bbox 1283 3150 1315 3211; x_wconf 92' lang='lat' dir='ltr'>et</span> <span class='ocrx_word' id='word_1_177' title='bbox 1338 3147 1461 3210; x_wconf 88' lang='lat' dir='ltr'>Thebis</span> 
     </span>
    </p>
   </div>
   <div class='ocr_carea' id='block_1_8' title="bbox 288 3269 1562 3355">
    <p class='ocr_par' dir='ltr' id='par_1_10' title="bbox 288 3269 1562 3355">
     <span class='ocr_line' id='line_1_24' title="bbox 288 3269 1562 3355; baseline 0.002 -22"><span class='ocrx_word' id='word_1_178' title='bbox 288 3271 451 3351; x_wconf 88' lang='lat' dir='ltr'>sepultum</span> <span class='ocrx_word' id='word_1_179' title='bbox 466 3290 548 3334; x_wconf 87' lang='lat' dir='ltr'>esse.</span> <span class='ocrx_word' id='word_1_180' title='bbox 595 3271 703 3353; x_wconf 77' lang='lat' dir='ltr'>Atque</span> <span class='ocrx_word' id='word_1_181' title='bbox 719 3272 856 3352; x_wconf 82' lang='lat' dir='ltr'>legimus</span> <span class='ocrx_word' id='word_1_182' title='bbox 877 3273 911 3334; x_wconf 91' lang='lat' dir='ltr'>in</span> <span class='ocrx_word' id='word_1_183' title='bbox 932 3273 1031 3336; x_wconf 86' lang='lat' dir='ltr'>schol.</span> <span class='ocrx_word' id='word_1_184' title='bbox 1049 3272 1120 3336; x_wconf 90' lang='lat' dir='ltr'>cod.</span> <span class='ocrx_word' id='word_1_185' title='bbox 1139 3272 1268 3337; x_wconf 87' lang='lat' dir='ltr'>Venet.</span> <span class='ocrx_word' id='word_1_186' title='bbox 1284 3274 1311 3336; x_wconf 92' lang='lat' dir='ltr'><strong>B</strong></span> <span class='ocrx_word' id='word_1_187' title='bbox 1329 3269 1380 3353; x_wconf 83' lang='lat' dir='ltr'>(ex</span> <span class='ocrx_word' id='word_1_188' title='bbox 1396 3292 1459 3336; x_wconf 89' lang='lat' dir='ltr'>rec.</span> <span class='ocrx_word' id='word_1_189' title='bbox 1561 3350 1562 3355; x_wconf 8' lang='grc' dir='ltr'>γ</span> 
     </span>
    </p>
   </div>
   <div class='ocr_carea' id='block_1_9' title="bbox 286 3391 1562 3855">
    <p class='ocr_par' dir='ltr' id='par_1_11' title="bbox 286 3391 1562 3855">
     <span class='ocr_line' id='line_1_25' title="bbox 288 3391 1458 3477; baseline 0.004 -20"><span class='ocrx_word' id='word_1_190' title='bbox 288 3394 382 3458; x_wconf 83' lang='grc' dir='ltr'>Ιλίοά.</span> <span class='ocrx_word' id='word_1_191' title='bbox 400 3395 450 3470; x_wconf 85' lang='grc' dir='ltr'>ΙΙΙ,</span> <span class='ocrx_word' id='word_1_192' title='bbox 475 3415 506 3475; x_wconf 93' lang='lat' dir='ltr'>p.</span> <span class='ocrx_word' id='word_1_193' title='bbox 525 3391 602 3475; x_wconf 64' lang='grc'>200)</span> <span class='ocrx_word' id='word_1_194' title='bbox 626 3415 646 3458; x_wconf 89' lang='lat' dir='ltr'>a</span> <span class='ocrx_word' id='word_1_195' title='bbox 670 3395 770 3458; x_wconf 88' lang='lat' dir='ltr'>Musis</span> <span class='ocrx_word' id='word_1_196' title='bbox 793 3415 868 3458; x_wconf 90' lang='lat' dir='ltr'>eum</span> <span class='ocrx_word' id='word_1_197' title='bbox 892 3395 1096 3477; x_wconf 89' lang='lat' dir='ltr'>deploratum</span> <span class='ocrx_word' id='word_1_198' title='bbox 1126 3415 1199 3460; x_wconf 88' lang='lat' dir='ltr'>esse</span> <span class='ocrx_word' id='word_1_199' title='bbox 1228 3397 1291 3460; x_wconf 86' lang='lat' dir='ltr'>hoc</span> <span class='ocrx_word' id='word_1_200' title='bbox 1318 3397 1458 3463; x_wconf 82' lang='lat' dir='ltr'>cantico:</span> 
     </span>
     <span class='ocr_line' id='line_1_26' title="bbox 288 3518 1460 3605; baseline 0.003 -24"><span class='ocrx_word' id='word_1_201' title='bbox 288 3518 314 3581; x_wconf 87' lang='grc' dir='ltr'>ὠ</span> <span class='ocrx_word' id='word_1_202' title='bbox 338 3519 409 3583; x_wconf 95' lang='grc' dir='ltr'>Λίνε</span> <span class='ocrx_word' id='word_1_203' title='bbox 432 3522 536 3583; x_wconf 89' lang='grc' dir='ltr'>θεοῖσι</span> <span class='ocrx_word' id='word_1_204' title='bbox 561 3521 746 3597; x_wconf 83' lang='grc' dir='ltr'>τετιμημὲνε,</span> <span class='ocrx_word' id='word_1_205' title='bbox 772 3521 825 3582; x_wconf 92' lang='grc' dir='ltr'>σοὶ</span> <span class='ocrx_word' id='word_1_206' title='bbox 840 3522 900 3597; x_wconf 89' lang='grc' dir='ltr'>γάρ</span> <span class='ocrx_word' id='word_1_207' title='bbox 917 3521 1037 3605; x_wconf 86' lang='grc' dir='ltr'>πρώτῳ</span> <span class='ocrx_word' id='word_1_208' title='bbox 1054 3522 1146 3598; x_wconf 78' lang='grc' dir='ltr'>μέλος</span> <span class='ocrx_word' id='word_1_209' title='bbox 1162 3521 1283 3585; x_wconf 79' lang='grc' dir='ltr'>ἔδωκαν</span> <span class='ocrx_word' id='word_1_210' title='bbox 1303 3521 1460 3585; x_wconf 91' lang='grc' dir='ltr'>ἀθάνατοι</span> 
     </span>
     <span class='ocr_line' id='line_1_27' title="bbox 286 3642 1562 3736; baseline 0.006 -32"><span class='ocrx_word' id='word_1_211' title='bbox 286 3642 488 3736; x_wconf 89' lang='grc' dir='ltr'>ἀνθρώποισι</span> <span class='ocrx_word' id='word_1_212' title='bbox 512 3649 637 3723; x_wconf 86' lang='grc' dir='ltr'>φωναῖς</span> <span class='ocrx_word' id='word_1_213' title='bbox 659 3649 797 3724; x_wconf 85' lang='grc' dir='ltr'>λιγυραίς</span> <span class='ocrx_word' id='word_1_214' title='bbox 820 3646 932 3710; x_wconf 88' lang='grc' dir='ltr'>ἀεῖσαι.</span> <span class='ocrx_word' id='word_1_215' title='bbox 980 3648 1097 3727; x_wconf 88' lang='grc' dir='ltr'>Φοῖβος</span> <span class='ocrx_word' id='word_1_216' title='bbox 1120 3649 1155 3710; x_wconf 74' lang='grc' dir='ltr'>δέ</span> <span class='ocrx_word' id='word_1_217' title='bbox 1171 3663 1209 3712; x_wconf 91' lang='grc' dir='ltr'>σε</span> <span class='ocrx_word' id='word_1_218' title='bbox 1228 3649 1313 3732; x_wconf 84' lang='grc' dir='ltr'>κότῳ</span> <span class='ocrx_word' id='word_1_219' title='bbox 1329 3648 1457 3728; x_wconf 82' lang='grc' dir='ltr'>ἀναιρεῖ,</span> <span class='ocrx_word' id='word_1_220' title='bbox 1561 3648 1562 3653; x_wconf 69' lang='grc'>’</span> 
     </span>
     <span class='ocr_line' id='line_1_28' title="bbox 287 3769 1457 3855; baseline 0.003 -22"><span class='ocrx_word' id='word_1_221' title='bbox 287 3769 416 3833; x_wconf 84' lang='grc' dir='ltr'>Μοῦσαι</span> <span class='ocrx_word' id='word_1_222' title='bbox 446 3772 481 3833; x_wconf 68' lang='lat' dir='ltr'>bl</span> <span class='ocrx_word' id='word_1_223' title='bbox 511 3786 549 3834; x_wconf 92' lang='grc' dir='ltr'>σε</span> <span class='ocrx_word' id='word_1_224' title='bbox 578 3773 780 3851; x_wconf 80' lang='grc' dir='ltr'>θρηνέουσιν.</span> <span class='ocrx_word' id='word_1_225' title='bbox 841 3773 971 3837; x_wconf 88' lang='lat' dir='ltr'>Scholia</span> <span class='ocrx_word' id='word_1_226' title='bbox 1001 3772 1145 3836; x_wconf 87' lang='lat' dir='ltr'>Townl.</span> <span class='ocrx_word' id='word_1_227' title='bbox 1176 3777 1286 3837; x_wconf 86' lang='lat' dir='ltr'>autem</span> <span class='ocrx_word' id='word_1_228' title='bbox 1317 3771 1369 3855; x_wconf 84' lang='lat' dir='ltr'>(ex</span> <span class='ocrx_word' id='word_1_229' title='bbox 1394 3794 1457 3839; x_wconf 90' lang='lat' dir='ltr'>rec.</span> 
     </span>
    </p>
   </div>
   <div class='ocr_carea' id='block_1_10' title="bbox 285 3997 1458 4358">
    <p class='ocr_par' dir='ltr' id='par_1_12' title="bbox 285 3997 1458 4164">
     <span class='ocr_line' id='line_1_29' title="bbox 378 3997 1458 4067; baseline 0.004 -17"><span class='ocrx_word' id='word_1_230' title='bbox 378 3997 386 4028; x_wconf 91' lang='lat'><strong>¹</strong></span> <span class='ocrx_word' id='word_1_231' title='bbox 405 3998 445 4050; x_wconf 86' lang='lat' dir='ltr'>De</span> <span class='ocrx_word' id='word_1_232' title='bbox 462 4000 514 4052; x_wconf 87' lang='lat' dir='ltr'>hoc</span> <span class='ocrx_word' id='word_1_233' title='bbox 533 3999 593 4052; x_wconf 87' lang='lat' dir='ltr'>loeo</span> <span class='ocrx_word' id='word_1_234' title='bbox 606 4000 758 4063; x_wconf 87' lang='lat' dir='ltr'>Homerico,</span> <span class='ocrx_word' id='word_1_235' title='bbox 779 4017 859 4067; x_wconf 84' lang='lat' dir='ltr'>quem</span> <span class='ocrx_word' id='word_1_236' title='bbox 880 4000 934 4052; x_wconf 89' lang='lat' dir='ltr'>iam</span> <span class='ocrx_word' id='word_1_237' title='bbox 954 4016 1036 4067; x_wconf 90' lang='lat' dir='ltr'>supra</span> <span class='ocrx_word' id='word_1_238' title='bbox 1053 3999 1200 4063; x_wconf 74' lang='lat' dir='ltr'>attulimuS,</span> <span class='ocrx_word' id='word_1_239' title='bbox 1221 4000 1248 4053; x_wconf 89' lang='lat' dir='ltr'>C.</span> <span class='ocrx_word' id='word_1_240' title='bbox 1262 4000 1387 4054; x_wconf 84' lang='lat' dir='ltr'>Hentze</span> <span class='ocrx_word' id='word_1_241' title='bbox 1405 4002 1458 4067; x_wconf 78' lang='lat' dir='ltr'>egit</span> 
     </span>
     <span class='ocr_line' id='line_1_30' title="bbox 285 4095 657 4164; baseline 0.003 -17"><span class='ocrx_word' id='word_1_242' title='bbox 285 4096 314 4147; x_wconf 90' lang='lat' dir='ltr'>in</span> <span class='ocrx_word' id='word_1_243' title='bbox 333 4095 428 4148; x_wconf 88' lang='lat' dir='ltr'>Philol.</span> <span class='ocrx_word' id='word_1_244' title='bbox 442 4096 470 4160; x_wconf 85' lang='lat' dir='ltr'>L,</span> <span class='ocrx_word' id='word_1_245' title='bbox 490 4113 515 4163; x_wconf 93' lang='lat' dir='ltr'>p.</span> <span class='ocrx_word' id='word_1_246' title='bbox 530 4098 582 4148; x_wconf 75' lang='lat'>374</span> <span class='ocrx_word' id='word_1_247' title='bbox 601 4113 657 4164; x_wconf 88' lang='lat' dir='ltr'>sqq.</span> 
     </span>
    </p>

    <p class='ocr_par' dir='ltr' id='par_1_13' title="bbox 286 4191 1456 4358">
     <span class='ocr_line' id='line_1_31' title="bbox 375 4191 1456 4261; baseline 0.006 -17"><span class='ocrx_word' id='word_1_248' title='bbox 375 4191 466 4258; x_wconf 74' lang='lat' dir='ltr'>²ltrot</span> <span class='ocrx_word' id='word_1_249' title='bbox 485 4194 518 4245; x_wconf 92' lang='grc' dir='ltr'>τὸ</span> <span class='ocrx_word' id='word_1_250' title='bbox 538 4192 615 4245; x_wconf 87' lang='grc' dir='ltr'>λίνον</span> <span class='ocrx_word' id='word_1_251' title='bbox 637 4193 706 4260; x_wconf 81' lang='grc' dir='ltr'>ᾖδεν</span> <span class='ocrx_word' id='word_1_252' title='bbox 732 4193 747 4245; x_wconf 84' lang='grc' dir='ltr'>ὅ</span> <span class='ocrx_word' id='word_1_253' title='bbox 773 4194 877 4259; x_wconf 80' lang='grc' dir='ltr'>ἐξῆπτο</span> <span class='ocrx_word' id='word_1_254' title='bbox 903 4193 963 4245; x_wconf 83' lang='grc' dir='ltr'>ἀντί</span> <span class='ocrx_word' id='word_1_255' title='bbox 988 4197 1038 4259; x_wconf 81' lang='grc' dir='ltr'>τῆς</span> <span class='ocrx_word' id='word_1_256' title='bbox 1061 4197 1160 4259; x_wconf 82' lang='grc' dir='ltr'>νευρᾶς</span> <span class='ocrx_word' id='word_1_257' title='bbox 1180 4199 1230 4260; x_wconf 79' lang='grc' dir='ltr'>τῆς</span> <span class='ocrx_word' id='word_1_258' title='bbox 1256 4196 1370 4261; x_wconf 91' lang='grc' dir='ltr'>κιθάρας</span> <span class='ocrx_word' id='word_1_259' title='bbox 1396 4197 1456 4259; x_wconf 87' lang='lat' dir='ltr'>(rec.</span> 
     </span>
     <span class='ocr_line' id='line_1_32' title="bbox 286 4291 619 4358; baseline 0.003 -16"><span class='ocrx_word' id='word_1_260' title='bbox 286 4291 365 4342; x_wconf 82' lang='lat' dir='ltr'>Dind.</span> <span class='ocrx_word' id='word_1_261' title='bbox 379 4295 444 4343; x_wconf 87' lang='lat' dir='ltr'>tom.</span> <span class='ocrx_word' id='word_1_262' title='bbox 459 4291 491 4353; x_wconf 90' lang='lat' dir='ltr'>ll,</span> <span class='ocrx_word' id='word_1_263' title='bbox 510 4307 535 4358; x_wconf 89' lang='lat' dir='ltr'>p.</span> <span class='ocrx_word' id='word_1_264' title='bbox 552 4291 619 4355; x_wconf 72' lang='lat'>177).</span> 
     </span>
    </p>
   </div>
   <div class='ocr_carea' id='block_1_11' title="bbox 0 0 1584 4942">
    <p class='ocr_par' dir='ltr' id='par_1_14' title="bbox 0 0 1584 4942">
     <span class='ocr_line' id='line_1_33' title="bbox 0 0 1584 4942; baseline 0 4"><span class='ocrx_word' id='word_1_265' title='bbox 0 0 1584 4942; x_wconf 95' lang='lat' dir='ltr'> </span> 
     </span>
    </p>
   </div>
  </div>
 </body>
</html>
