3159 4942
782 221 976 282 ..2-

290 433 330 477 ex
342 413 474 495 singulis
488 415 635 497 partibus
651 419 683 478 et
698 415 736 478 iis
752 436 831 479 sane
848 416 1078 498 antiquissimis
1095 416 1287 481 confluxisse
1303 414 1346 480 ab
1358 417 1464 481 omni-

289 541 351 603 bus
367 541 433 604 sere
454 542 649 604 conceditur.
701 541 773 605 Hae
795 544 905 622 partes
929 542 1047 623 quibus
1070 542 1188 606 luerint
1210 541 1409 622 argumentis
1430 544 1463 604 et

288 665 399 729 formis
416 670 500 730 certe
524 666 630 729 dicere
653 686 720 730 non
737 667 820 730 licet.
867 667 932 730 Sed
949 687 1023 730 cum
1038 668 1070 730 in
1087 666 1147 730 illis
1162 666 1240 747 ipsis
1264 666 1462 729 carminibus

288 790 422 854 Homeri
433 790 564 854 nomine
577 790 699 855 ornatis
712 790 850 875 vestigia
865 792 1081 870 inveniantur,
1098 792 1217 873 quibus
1230 792 1263 855 in
1274 792 1462 873 praeeuntis

288 916 405 980 aetatis
427 922 576 998 tempora
599 916 810 994 deducamur,
842 917 1033 981 coniecturis
1056 917 1190 999 quidem
1212 921 1404 997 argumenta
1429 919 1462 979 et

288 1061 388 1105 ansae
411 1042 619 1124 praebentur.

376 1167 545 1245 Locorum,
576 1167 694 1248 quihus
718 1167 771 1230 illa
795 1168 932 1248 vestigia
956 1166 1170 1245 continentur,
1198 1185 1305 1248 pauca
1328 1165 1462 1229 exhibe·

288 1311 391 1356 amus
443 1291 583 1355 Achilles
613 1291 743 1356 Graecis
775 1291 878 1356 iratus
908 1290 950 1356 ab
980 1291 1028 1370 iio,
1062 1291 1118 1373 qui
1148 1295 1184 1354 ut
1214 1290 1360 1364 animum
1389 1290 1461 1353 eius

287 1419 456 1500 placarent
477 1416 568 1481 missi
591 1421 676 1495 sunl,
701 1416 734 1481 in
758 1418 897 1482 tentorio
920 1417 1096 1481 offenditur
1120 1414 1166 1497 (ll.
1182 1416 1196 1479 Ι
1215 1417 1277 1480 186
1294 1411 1349 1495 th

445 1575 503 1639 τὸν
527 1569 554 1637 δ’
575 1573 670 1653 εὗρον
694 1577 798 1655 φρένα
821 1576 1017 1654 τερπόμενον
1041 1576 1189 1654 φόρμιγγι
1212 1574 1306 1657 λιγείῃ

447 1703 533 1783 καλῇ,
558 1702 711 1784 δαιδαλέῃ,
736 1700 786 1764 ἐπὶ
810 1695 839 1763 δ’
862 1699 1018 1779 ἀργύρεον
1042 1701 1138 1775 Ζυγὸν
1161 1699 1232 1776 ήεν·

444 1827 501 1902 τήν
525 1819 610 1903 ἄρετ’
635 1826 667 1893 ἐξ
690 1826 825 1904 ἐνάρων,
850 1826 940 1889 πόλιν
965 1820 1136 1902 Ἠετίωνος
1159 1824 1314 1902 ὀλέσσας·

444 1957 481 2034 τῇ
506 1951 525 2013 ὅ
548 1972 584 2026 γε
606 1952 710 2029 θυμὸν
734 1951 873 2030 ἔτερπεν,
898 1949 979 2013 ἄειδε
1003 1943 1031 2012 δ’
1056 1949 1117 2027 ἄρα
1141 1951 1213 2012 κλέα
1237 1948 1376 2028 ἀνδρῶν.

444 2075 632 2154 Πάτροκλος
655 2078 689 2139 δέ
712 2075 742 2143 οἱ
766 2070 834 2152 οἷος
858 2075 1001 2152 ἐναντίος
1024 2073 1105 2152 ἧστο
1130 2080 1246 2157 σιωπῇ,

443 2202 593 2278 δέγμενος
617 2199 771 2277 Αἰακίδην,
796 2200 895 2263 ὁπότε
917 2201 1033 2276 λήξειεν
1057 2198 1181 2262 ἀείδων.

371 2362 544 2425 Phemium
572 2361 770 2427 Graecorum
802 2363 909 2426 tristes
939 2381 1065 2425 errores
1095 2364 1266 2425 canentem
1289 2360 1457 2443 Penelopa

282 2485 327 2548 ita
351 2485 545 2550 adhortatur
568 2483 642 2568 (Οά.
658 2506 678 2548 α
695 2488 757 2551 337
776 2483 831 2567 Ll:

441 2628 548 2705 Φήμιε,
572 2630 673 2693 πολλὰ
695 2631 755 2708 γὰρ
778 2628 856 2693 ἄλλα
879 2632 1005 2708 βροτῶν
1028 2629 1193 2707 θελκτήρια
1217 2622 1317 2705 οἶδας,

439 2748 505 2833 ἔργ’
529 2754 657 2834 ἀνδρῶν
680 2776 714 2819 τε
737 2759 825 2819 θεῶν
848 2775 891 2829 τε,
916 2754 955 2818 τά
978 2775 1012 2818 τε
1035 2754 1190 2817 κλείουσιν
1214 2752 1330 2815 ἀοιδοί·

320 2972 322 2976 ¹
439 2884 506 2944 τῶν
530 2880 564 2945 ἕν
587 2882 623 2956 γέ
646 2896 726 2960 σφιν
750 2880 832 2944 ἄειδε
855 2882 1046 2961 παρήμενος,
1071 2879 1101 2942 οἱ
1123 2882 1158 2942 δὲ
1181 2885 1287 2961 σιωπῇ

439 2999 528 3069 οἶνον
552 3006 726 3071 πινόντων·
751 3008 867 3084 ταύτης
891 3001 918 3069 δ’
943 3000 1100 3069 ἀποπαύε’
1125 3005 1234 3082 ἀοιδῆς
1260 3054 1318 3067 ...

369 3164 493 3230 Similia
524 3167 676 3248 leguntur
705 3170 738 3234 in
761 3168 865 3235 Odor
891 3170 952 3233 153
984 3189 1067 3251 sqq,
1093 3172 1116 3229 θ
1139 3169 1181 3232 73
1206 3188 1278 3250 sqq.
1326 3167 1458 3245 Quibus¹

280 3290 358 3355 locis
381 3292 503 3355 mentio
526 3292 563 3356 fit
586 3293 776 3372 carminum,
806 3312 891 3374 quae
914 3313 1029 3375 regum
1051 3293 1102 3357 vel
1125 3293 1286 3356 clarorum
1309 3292 1453 3356 virorum
1561 3284 1562 3295 ’

278 3414 369 3478 laudi
392 3415 649 3480 celebrabantur.
680 3416 775 3481 Unde
799 3417 904 3481 elucet
926 3417 991 3482 iam
1008 3420 1084 3481 ante
1101 3417 1235 3480 Homeri
1249 3417 1348 3481 libros
1364 3436 1454 3481 com·
1559 3408 1560 3433 ³

279 3537 404 3619 positos
432 3538 574 3604 Graecos
597 3541 766 3645 poematis
799 3540 881 3624 epici
916 3541 1086 3605 cuiusdam
1116 3542 1243 3623 generis
1273 3519 1452 3607 oblectatos
1556 3578 1557 3599 ι

278 3683 359 3727 esse.
393 3665 436 3728 At
458 3684 525 3729 non
549 3665 654 3729 solum
677 3667 837 3730 exst'tisse
861 3670 988 3731 constat
1010 3667 1093 3730 illius
1108 3667 1199 3731 modi
1214 3666 1368 3744 carmina,
1394 3668 1451 3731 sed

278 3788 375 3852 etiam
400 3789 445 3853 ita
468 3790 596 3854 exculta
618 3790 727 3869 fuisse,
752 3795 788 3855 ut
804 3791 960 3877 *homines
983 3792 1122 3856 canendi
1137 3795 1170 3855 et
1185 3791 1345 3873 psallendi
1367 3792 1453 3873 peri·

279 3913 392 3977 tissimi
421 3913 454 3978 in
480 3914 565 3978 aulis
587 3915 684 3997 regiis
707 3935 747 3981 ea
770 3916 953 3980 recitarent,
999 3916 1116 3999 Populi
1140 3917 1173 3979 in
1197 3906 1262 3980 ore
1276 3915 1358 3980 baec
1382 3935 1452 3980 car·

277 4038 366 4102 mina
389 4059 457 4104 non
479 4045 573 4103 erant
595 4060 702 4122 neque
725 4023 939 4124 popularibus
966 4041 1134 4123 plausibus
1162 4039 1356 4104 serviebant.
1404 4042 1451 4104 Ac

276 4163 443 4246 putaveris
471 4185 512 4228 ne
536 4165 668 4228 Achillis
696 4165 829 4247 quidem
852 4185 976 4244 versus,
1010 4185 1212 4247 quamquam
1241 4184 1281 4228 ex
1303 4166 1451 4246 tempore

276 4288 339 4352 susi
364 4292 450 4366 sunt,
475 4291 615 4372 speciem
638 4290 749 4354 tulisse
772 4292 975 4373 popularem.
1007 4290 1148 4353 Achilles
1164 4289 1250 4353 enim
1267 4276 1452 4352 habebatur
