3159 4942
772 259 990 323 ..56-

385 457 436 520 Ad
459 457 561 523 finem
584 460 679 522 nobis
694 461 917 542 properaturis
940 461 1026 523 docti
1050 461 1219 524 cuiusdam
1235 461 1377 525 hominis
1397 480 1477 524 sen·
1559 516 1560 539 ,

298 583 402 645 tentia
435 583 721 646 commemoranda
751 587 810 660 est,
842 584 898 665 qui
924 584 1124 664 magicorum
1153 604 1283 667 quoque
1312 589 1474 648 cantuum

296 728 450 772 numeros
473 729 513 773 ex
537 712 698 773 certarum
727 711 909 774 motionum
933 712 1027 793 quasi
1053 712 1143 775 fonte
1172 712 1369 776 derivandos
1397 731 1473 775 esse

295 839 381 899 reete
405 835 529 898 censuit
552 832 850 915 (EdenZentralbl.
866 836 961 913 1897,
977 858 1010 918 p.
1023 833 1130 916 595).¹
1185 838 1254 900 lam
1275 837 1472 918 Bergkius

296 961 329 1023 in
352 960 532 1023 litterarum
555 959 709 1023 historiae
733 961 795 1023 vol.
815 961 835 1038 l,
860 981 891 1042 p.
910 962 972 1024 357
997 960 1116 1038 docuit,
1141 962 1255 1044 quanti
1278 962 1311 1025 in
1334 962 1473 1043 magicis
1559 952 1560 961 ¹

298 1085 358 1148 illis
370 1083 503 1148 canticis
514 1084 706 1165 simplicium
720 1105 837 1149 vocum
849 1085 976 1149 iteratio
988 1106 1163 1150 numerosa
1175 1087 1347 1150 aestimata
1356 1083 1473 1152 esset²
1559 1160 1560 1167 ¹

297 1212 345 1274 Ac
361 1210 387 1273 si
406 1210 723 1274 incantamentorum
739 1211 888 1292 exempla
905 1211 1077 1274 contuleris
1094 1211 1194 1275 aRic.
1209 1211 1320 1276 Heim
1336 1213 1473 1277 collecta

297 1326 556 1418 (lncantamenta
583 1336 711 1416 magica
735 1334 860 1399 Graeca
883 1336 1009 1414 Latina,
1034 1333 1232 1400 Fleckeiseus
1254 1335 1471 1411 Jalnbie’eber,

300 1458 459 1538 Supplem.
483 1459 558 1523 XIX
582 1454 723 1540 [1893]),
749 1459 783 1522 in
806 1461 1026 1547 compluribus
1050 1481 1163 1525 eorum
1186 1482 1339 1542 magnam
1369 1463 1473 1527 melo-

298 1585 371 1648 diae
403 1584 640 1665 simplicitatem
672 1604 858 1665 cognosces
894 1605 978 1667 quae
1014 1586 1064 1649 vel
1097 1587 1269 1650 verborum
1300 1587 1473 1650 iteratione
1559 1592 1560 1597 ’

298 1713 348 1775 vel
372 1711 569 1774 incertarum
593 1730 710 1774 vocum
741 1712 1016 1792 agglomeratione
1044 1713 1182 1774 efficitur
1209 1708 1252 1792 (v.
1269 1732 1297 1775 e.
1316 1732 1362 1792 gr.
1379 1732 1472 1775 uum.

298 1837 351 1915 403
376 1837 429 1914 41,
454 1837 508 1914 dd,
533 1837 586 1912 49,
612 1838 654 1900 5⁶2
678 1818 761 1917 Η.’).3
806 1836 911 1900 Huius
938 1837 999 1901 loci
1027 1838 1125 1901 etiarn
1153 1838 1281 1919 magica
1311 1839 1366 1902 illa
1393 1859 1474 1903 cau·
1559 1858 1560 1861 ’

299 1964 397 2026 tileua
414 1983 487 2028 esse
504 1962 640 2040 videtur,
665 1984 765 2045 quam
784 1962 893 2040 Catu,
919 1963 959 2026 de
975 1983 1043 2044 agr.
1060 1964 1134 2026 cult.
1151 1939 1177 2027 c.
1196 1962 1277 2026 CLX
1293 1964 1473 2029 memoriae

298 2087 449 2151 servavit.

390 2233 398 2264 ¹
419 2227 457 2280 cf.
477 2229 551 2280 Neue
576 2228 748 2280 Jahrbdcber
772 2229 824 2293 sdr
848 2229 899 2279 dos
923 2229 1006 2280 lolem.
1027 2229 1162 2280 Alter-tum
1189 2229 1270 2292 1907,
1297 2246 1322 2296 p.
1336 2230 1397 2293 30⁰2,
1424 2230 1475 2282 ubi

298 2327 365 2380 uua.
385 2327 514 2379 nenena
532 2326 635 2380 renunt
660 2327 693 2379 ee
719 2325 789 2378 noro
817 2326 846 2377 a.
861 2325 902 2377 w.
916 2324 1146 2390 anuschroff,
1173 2329 1232 2378 nas
1256 2329 1363 2379 aliaue
1382 2329 1475 2380 rru-
1559 2306 1560 2309 '

299 2427 427 2492 lioqslied
445 2427 482 2475 im
506 2426 686 2477 Westenuud
705 2425 814 2476 beiden
832 2425 940 2490 steven,
964 2426 1020 2476 Teu
1038 2426 1077 2485 H,
1097 2426 1134 2476 St.
1148 2425 1309 2490 Petersbnry
1330 2425 1410 2476 1905:
1439 2428 1476 2477 Iu

299 2525 465 2589 Antemnae
484 2541 521 2575 au
538 2524 655 2591 Bdcher,
681 2524 745 2576 aber
767 2525 888 2591 adeleich
912 2527 961 2575 mit
984 2527 1058 2574 einer
1083 2524 1185 2574 eciderit
1208 2525 1339 2589 richtiyen
1363 2511 1476 2576 Weiter-

300 2623 412 2690 biblum
430 2626 519 2674 seiner
534 2624 653 2688 Theorie,
673 2624 782 2675 erblielet
800 2625 849 2674 der
867 2625 1012 2689 Verfecser
1029 2627 1067 2675 im
1079 2624 1230 2689 Rhythmus
1248 2625 1294 2675 dec
1306 2624 1403 2675 Liedee
1421 2624 1476 2675 deu

299 2724 533 2791 Enereieerreyer,
552 2724 601 2774 der
619 2724 673 2788 ores
688 2723 732 2773 die
749 2722 952 2773 Zauberaletion
970 2723 1016 2774 des
1036 2722 1117 2773 Ritus
1132 2737 1222 2786 yeuou
1239 2736 1268 2772 so
1286 2721 1475 2773 stimulierend

298 2823 423 2874 einwr'rlrt
441 2826 490 2874 wie
507 2824 562 2888 auf
577 2824 630 2873 den
650 2822 729 2888 Gorty
746 2823 796 2872 der
809 2821 910 2872 arbeit.
938 2822 984 2885 Ja,
1003 2837 1068 2871 rnen
1080 2820 1193 2872 broucht
1205 2822 1262 2896 eine
1274 2820 1361 2872 solem
1377 2820 1475 2871 Unter-

297 2924 508 2990 acheldemacae
521 2924 683 2975 Arbeitcle'ed
700 2925 759 2975 und
766 2923 905 2980 riruellem
920 2923 987 2974 Lied
1006 2924 1144 2988 eiycntlich
1154 2939 1208 2988 aar
1219 2923 1293 2974 nicht
1304 2939 1340 2973 zu
1352 2922 1473 2987 macheu,

298 3023 371 3073 deun
387 3022 438 3086 fur
456 3021 509 3073 den
522 3023 681 3087 primitium
699 3020 843 3072 Meneclem
861 3022 897 3070 ist
914 3019 963 3069 der·
981 3018 1088 3069 Zureher
1107 3048 1140 3056 —
1155 3017 1313 3085 prelatisehe
1325 3017 1420 3069 Arbeit
1438 3035 1474 3070 ze

188 3114 198 3129 ⁹
298 3119 461 3170 bestimmten
479 3117 681 3168 dkoaomisehea
699 3116 833 3168 Zweeleen.

389 3215 400 3247 ²
420 3216 593 3283 Quamquam
612 3215 729 3269 multum
748 3215 833 3280 abest,
852 3219 883 3268 ut
902 3231 997 3269 omnes
1009 3215 1164 3269 iterationes
1177 3214 1284 3268 vocales
1297 3231 1314 3268 a
1326 3230 1474 3282 corporum

299 3317 498 3370 movendorum
517 3313 639 3367 numeris
658 3318 779 3381 repetere
804 3315 928 3367 audeam.
965 3314 1005 3367 De
1030 3314 1082 3366 hac
1107 3331 1136 3367 re
1162 3314 1285 3367 conferas
1304 3313 1474 3378 Behaghel

298 3415 327 3468 in
354 3417 480 3479 Beitrdqe
502 3430 556 3465 zur
579 3413 732 3464 Gescbr'chte
756 3414 807 3463 der·
833 3412 976 3466 deutschen
999 3411 1120 3478 Sprecbe
1138 3409 1210 3462 XXX
1235 3410 1331 3474 (1905),
1358 3425 1385 3477 p.
1411 3410 1473 3474 553,

299 3513 359 3576 558,
380 3511 441 3564 569.

347 3648 359 3657 s
392 3615 403 3647 ³
421 3610 666 3674 lncantamentum‚
686 3609 729 3661 cui
742 3608 871 3661 moliendi
890 3612 917 3661 et
928 3608 1045 3661 leniendi
1059 3608 1100 3662 vis
1112 3608 1206 3672 inerat,
1220 3607 1320 3660 Graece
1333 3607 1475 3660 dicebatur

300 3709 405 3779 ἐπῳδή.
443 3709 545 3762 Eadem
564 3727 617 3762 vox
635 3710 670 3762 ad
689 3725 799 3762 versum
817 3707 1018 3761 intercalarium
1042 3708 1249 3774 significandum
1274 3706 1302 3759 in
1328 3723 1385 3777 usu·
1406 3710 1473 3760 erat.
1559 3724 1560 3743 ¹

302 3809 426 3874 Quarum
445 3809 588 3862 notionum
608 3808 698 3862 nescio
717 3824 753 3861 an
772 3807 857 3860 altera
875 3823 938 3859 cum
951 3807 1035 3860 altera
1053 3806 1131 3859 facile
1144 3807 1270 3873 coniungi
1284 3807 1376 3874 possit.
1405 3806 1475 3860 Nam

299 3911 419 3978 primum
437 3910 552 3963 fortasse
571 3909 645 3963 modi
664 3907 837 3971 intercalarii,
857 3907 903 3975 qui
929 3907 988 3959 aliis
1014 3907 1137 3979 versibus
1162 3908 1303 3976 ἐπῄδοντο
1328 3907 1366 3959 ita
1392 3906 1474 3973 signi·

299 4008 459 4061 ficabantur.
497 4006 600 4060 Deinde
619 4022 682 4058 curn
700 4005 744 4058 vel
762 4005 792 4057 in
811 4003 940 4071 operariis
959 4003 1003 4055 vel
1021 4003 1049 4054 in
1068 4003 1180 4069 magicis
1198 4002 1339 4056 cantilenis
1362 4003 1474 4056 illorum

301 4108 446 4160 modorum
466 4107 577 4160 effectus
596 4108 623 4158 et
640 4103 825 4157 levamentum
845 4102 983 4169 cognitum
1009 4107 1086 4167 esset,
1113 4120 1166 4155 vox
1184 4103 1280 4172 ἐπῳδή
1307 4104 1341 4156 ad
1367 4119 1400 4156 ea
1425 4102 1475 4156 im·
1559 4134 1560 4137 =

300 4205 395 4273 primis
415 4204 544 4267 carmina,
565 4219 633 4270 quae
653 4203 686 4254 ad
706 4201 787 4254 noxia
806 4200 926 4254 tollenda
944 4198 1118 4262 canebantur,
1140 4200 1267 4253 translata
1286 4204 1334 4254 est.

672 4357 1097 4397 -440532034—
