3159 4942
592 202 810 265 -47-

116 403 207 467 Haec
231 407 340 468 autem
364 402 490 466 cantica
504 403 620 466 minus
643 403 871 467 balneatorum
901 402 1017 466 solatio
1045 402 1217 465 inservisse
1241 400 1288 463 vi-

117 531 235 595 dentur
250 550 350 612 quam
367 529 604 593 oblectamento
621 548 743 606 eorum,
768 527 822 610 qui
848 527 881 589 in
897 527 1022 590 balneis
1046 520 1287 590 versabantur.¹

206 652 451 717 Pinsentium
471 652 642 715 mulierum
661 651 777 717 modos
794 650 1030 714 Athenaeus
1052 648 1072 713 l.
1091 667 1116 711 s.
1141 668 1172 729 p.
1196 647 1288 710 orna

117 779 169 843 his
192 779 299 842 verbis
322 779 356 841 in
379 776 523 840 medium
546 776 693 858 protulit:
724 775 863 838 καὶτῶν
895 776 1108 837 πτισσουσῶν
1139 770 1214 848 ἄλλη
1242 792 1288 848 τις

118 902 198 985 (scil.
225 899 303 986 ᾠδή)
338 902 383 979 ὡς
413 895 697 979 Ἀριστοφάνης
730 899 764 963 ἐν
789 897 1131 978 Θεσμοφοριαζούσαις
1160 895 1185 978 (l
1212 886 1289 972 481,

116 1028 155 1091 fr.
176 1029 239 1091 339
252 1023 315 1106 K).
342 1027 395 1090 Καὶ
413 1024 623 1104 Νικοχάρης
639 1024 673 1087 ἐν
692 1018 834 1102 Ἡρακλεῖ
847 1028 974 1106 χορηγῷ
992 1022 1109 1105 (1771,
1133 1024 1171 1087 fr.
1188 1022 1208 1085 6
1225 1017 1288 1102 K).

119 1152 212 1229 Quae
247 1150 453 1215 aPolluce
488 1120 737 1226 confirmantur,¹
766 1149 887 1232 quippe
923 1149 979 1230 qui
1008 1147 1096 1210 vocis
1128 1144 1291 1209 πτιστικάν

118 1274 342 1357 Phrynichurn
365 1270 391 1354 (Ι
415 1274 489 1351 374,
513 1273 551 1337 fr.
572 1273 612 1336 14
628 1268 680 1351 K.)
708 1274 741 1337 et
768 1273 857 1336 vocis
886 1271 1023 1350 πτισμάν
1053 1271 1291 1353 Nicophontem

120 1397 245 1480 (1779,
270 1398 308 1461 ir.
328 1398 366 1461 17
384 1393 436 1477 Κ.)
461 1398 566 1462 attulit
590 1401 748 1462 auctores,
795 1397 902 1462 Verbo
926 1396 1072 1461 πτίσσειν
1102 1398 1181 1480 qnid
1208 1397 1293 1460 dice-

119 1529 223 1603 retur,
255 1525 429 1588 scholiasta
460 1525 502 1587 ad
530 1523 627 1587 Arist.
651 1524 793 1618 Acharn.
814 1544 846 1587 ν.
864 1523 927 1587 507
958 1522 1142 1604 adscripsit:
1174 1520 1291 1598 κυρίως

120 1627 266 1712 πτίσσειν
300 1647 368 1711 ἐστι
395 1647 432 1710 τὸ
465 1649 576 1725 κριθὰς
605 1645 624 1724 ἢ
655 1646 730 1711 ἀλλο
761 1668 790 1710 τι
819 1647 950 1713 λεπίζειν
981 1648 1030 1711 καὶ
1058 1651 1293 1725 καθαροποιεῖν,

121 1771 216 1835 ἔνθεν
246 1771 294 1834 καὶ
329 1771 475 1848 πτισάνη.
522 1771 569 1835 De
604 1772 720 1836 eadem
754 1791 789 1835 re
820 1772 981 1854 copiosius
1010 1772 1076 1853 egit
1105 1772 1295 1836 Eustathius

121 1917 154 1978 p.
172 1897 246 1972 801,
272 1896 313 1958 56
338 1895 382 1959 ad
405 1895 479 1957 Ill(
503 1915 532 1957 ν.
551 1894 625 1957 749.
673 1892 862 1958 Cantilenae
890 1898 1009 1971 autem,
1046 1914 1131 1976 quae
1156 1895 1199 1957 ad
1222 1894 1295 1976 pin·

122 2019 215 2083 sandi
239 2038 340 2100 opera
362 2018 591 2095 cantabantur,
615 2037 633 2081 e
657 2017 837 2081 litterarum
860 2017 1018 2081 memoria
1041 2020 1078 2080 ut
1101 2017 1205 2081 multa
1230 2017 1295 2081 alia

124 2146 223 2228 plane
246 2146 387 2210 extincta
411 2147 495 2208 sunt.

216 2370 378 2434 Athenaei
400 2370 497 2451 igitur
520 2370 686 2434 sententiis
702 2369 853 2433 exhibitis
869 2373 901 2434 et
921 2390 994 2434 cum
1011 2370 1149 2434 aliorum
1169 2369 1298 2433 collatis

128 2497 170 2562 de
194 2498 415 2580 operariorum
446 2497 612 2561 cantilenis
634 2498 727 2578 larga
748 2496 866 2561 iudicia
887 2497 1021 2578 adipisci
1041 2497 1138 2559 licuit.
1185 2496 1299 2578 Neque

128 2626 239 2685 tamen
262 2622 465 2698 AthenaeuS,
501 2623 650 2704 quamvis
683 2623 854 2703 diligenter
886 2622 1067 2687 doctrinam
1097 2643 1191 2687 suam
1224 2641 1301 2685 con·

128 2748 289 2824 struxerit,
314 2767 444 2811 ornnem
460 2747 548 2812 illam
562 2748 734 2813 materiam
750 2749 909 2811 exhausit.
957 2748 1082 2825 Restat,
1107 2751 1143 2812 ut
1162 2748 1301 2813 aliorum

126 2871 315 2936 testimonia
339 2875 531 2937 scrutemur.

219 2993 384 3057 loannes
424 2993 780 3078 Chrysostomusl.
807 3016 832 3059 s
859 3016 885 3059 s,
920 2996 1017 3060 huius
1048 2997 1156 3061 indicii
1188 3002 1301 3062 auctor

129 3119 194 3180 est:
232 3116 285 3179 Καὶ
312 3116 445 3194 γηπάνοι
460 3169 466 3181 .
482 3169 488 3180 .
506 3117 728 3196 ,ἐργαζόμενοι
751 3119 895 3201 ᾄδουσιν.
942 3121 991 3183 καὶ
1021 3124 1132 3184 ναῦται
1158 3124 1301 3198 κωπηλα·

129 3242 260 3317 τοῦντες
284 3243 381 3303 τοῦτο
410 3218 569 3304 ποιοῦσιν.
622 3242 747 3320 Quibus
779 3244 813 3306 in
841 3244 948 3307 verbis
979 3249 1127 3308 versatus
1160 3245 1302 3327 antiquis

128 3364 332 3446 temporibus
374 3386 394 3429 a
425 3366 533 3429 nautis
568 3366 698 3431 Graecis
727 3388 804 3432 suos
837 3370 940 3434 cultos
975 3390 1046 3435 esse
1080 3372 1196 3436 modos
1226 3373 1302 3436 Ant.

131 3489 303 3573 Naegele
333 3492 354 3555 l.
378 3511 404 3555 c.
433 3514 464 3575 p.
488 3493 550 3556 113
581 3494 615 3557 in
643 3493 779 3558 dubium
818 3515 885 3559 non
917 3501 1002 3562 recte
1034 3501 1171 3563 vocavit.
1218 3501 1304 3564 Nam

130 3612 230 3677 fnisse
254 3618 429 3680 nautarum
445 3618 607 3700 quasdam
627 3619 806 3684 cantilenas
823 3621 889 3685 iam
904 3642 944 3685 ex
960 3623 1104 3702 diversis,
1130 3645 1215 3707 quae
1237 3629 1305 3691 tra-

132 3738 263 3817 duntur,
288 3742 473 3806 nominibus
497 3743 702 3824 intellegitur.
749 3743 845 3806 Velut
868 3764 888 3807 a
911 3745 1072 3810 Polluce
1096 3746 1150 3829 (IV
1174 3745 1229 3829 56)
1260 3752 1304 3814 τά

132 3860 282 3940 ἑρετικὰ
312 3864 472 3944 αὐλήματα
503 3871 535 3932 et
565 3890 586 3933 a
615 3868 831 3932 Plutarcho
862 3865 943 3949 (Alc.
969 3889 995 3933 c.
1025 3868 1080 3951 31)
1111 3871 1129 3948 ἡ
1158 3871 1302 3950 εἰρεσία

132 3991 439 4052 commemorantur.
486 3989 522 4052 ln
550 3990 679 4055 scholiis
702 4010 801 4073 porro
830 3990 873 4054 ad
896 3992 994 4055 Arist.
1015 3993 1157 4057 Acharn.
1183 4015 1213 4058 v.
1238 3995 1304 4058 554

225 4144 234 4174 ¹
254 4145 375 4200 Gonferri
388 4153 502 4215 possunt
514 4148 560 4201 illa
572 4149 684 4213 cantica,
699 4149 797 4216 quibus
809 4154 933 4203 tonsores
946 4168 1048 4216 eorum,
1067 4168 1135 4218 quos
1152 4153 1310 4215 tondebant,

132 4241 240 4295 animos
260 4243 394 4296 oblectare
413 4243 536 4297 solebant
555 4245 671 4308 (Patron.
684 4245 728 4310 46,
744 4247 771 4309 7;
792 4247 835 4310 64,
848 4247 885 4311 4).

192 4357 288 4399 Hiurl
297 4359 365 4410 ohs,
383 4359 416 4400 De
429 4360 591 4412 operariorum
606 4360 735 4403 cantilenis
749 4363 851 4404 Graecis.
1194 4364 1208 4405 4
