3159 4942
613 237 833 302 „37-

138 459 222 503 mus,
268 438 376 520 Atque
400 438 493 503 facile
516 440 644 520 poterat
666 437 746 514 lieri,
770 441 808 501 ut
829 438 978 502 textrices
1002 457 1132 520 quoque
1155 442 1308 502 canentes

139 567 311 627 sonantem
345 562 585 645 diphthongum
620 561 650 624 αἰ
684 563 736 626 vel
769 563 906 645 mollem
935 565 1168 658 consonantem
1205 566 1224 626 λ
1257 563 1308 627 vel

137 693 311 771 utramque
336 689 707 754 coniunctasamarent.
743 687 802 752 His
827 687 960 753 vocibus
989 692 1099 753 autem
1127 727 1159 735 —
1190 688 1309 754 scilicet

138 813 385 877 intercalaribus
423 846 458 856 —
499 812 743 895 significationis
781 811 900 888 αἴλινος
938 813 989 877 vel
1027 814 1101 877 talis
1139 814 1309 878 cuiusdam

141 958 242 1003 causa
258 939 366 1004 afferri
381 942 518 1021 poterat.
555 939 624 1001 lam
639 940 673 1003 in
688 938 882 1002 rusticorum
897 938 964 1002 lino
980 938 1151 1002 tractando
1168 938 1308 1002 vidimus

139 1062 217 1128 certi
240 1063 380 1128 nominis
404 1064 562 1146 originem
586 1065 629 1129 ad
651 1065 848 1129 incertarum
866 1085 984 1130 vocum
1007 1066 1183 1130 clamorem
1207 1066 1309 1130 dedu·

140 1187 278 1252 cendam
301 1208 382 1252 esse.
422 1188 484 1266 Qui
508 1190 571 1253 hoc
594 1188 703 1254 animo
726 1192 848 1269 tenent,
872 1191 912 1255 iis
928 1191 1113 1275 Tryphonis
1136 1191 1206 1256 illa:
1231 1191 1250 1269 ἡ
1274 1193 1310 1254 δὲ
1393 1260 1395 1264 ,

138 1311 397 1390 ἱστουργούντων
421 1315 495 1398 ᾠδὴ
511 1311 628 1392 αἴλινος
650 1336 717 1381 non
740 1316 835 1380 nimis
862 1316 990 1381 obscuri
1012 1317 1180 1398 praebent.

228 1438 293 1503 Sed
324 1440 446 1516 nescio,
483 1461 526 1504 an
560 1440 678 1505 rationi
712 1442 811 1506 modo
845 1443 992 1524 prolatae
1022 1442 1309 1524 Aristophanes

137 1565 223 1628 Ran.
248 1585 278 1626 ν.
300 1564 383 1627 1313
407 1585 478 1648 sqq.
503 1568 536 1629 et
555 1566 639 1629 1346
664 1586 735 1648 sqq.
760 1567 977 1650 suppeditent.
1018 1567 1142 1645 Quibus
1165 1569 1206 1632 de
1230 1569 1309 1633 locis

138 1710 347 1773 quamquamv
370 1695 441 1756 rato
471 1693 590 1757 iudicio
620 1713 687 1757 non
716 1697 800 1771 utor,
830 1697 941 1759 tamen
971 1694 1172 1760 coniecturas
1202 1694 1308 1759 dicere

141 1817 258 1880 audeo.
294 1816 330 1880 In
353 1816 414 1879 illis
437 1818 524 1881 enirn
548 1818 695 1882 versibus
711 1818 892 1901 Aeschylus
911 1818 1085 1901 Euripidae
1108 1820 1142 1883 in
1164 1819 1309 1885 medium

140 1942 264 2023 profert
286 1941 367 2006 haec
391 1943 527 2019 cantica,
556 1963 586 2006 v.
607 1943 691 2006 1313
714 1939 823 2026 sqq.:¹

298 2111 330 2173 αἳ
352 2109 384 2172 δ’
408 2110 581 2189 ὑπορὸφιοι
605 2111 683 2175 κατὰ
706 2109 846 2189 γωνίας

277 2278 279 2282 -
350 2234 402 2298 εἱει
425 2234 477 2299 εἰει

298 2359 477 2424 εἱειλίσσετε
500 2360 663 2437 δακτύλοις
686 2361 848 2440 φάλαγγες

351 2485 502 2551 ἱστδτονα
526 2486 714 2564 πηνίσματα.

350 2614 490 2692 κερκίδος
513 2613 624 2677 ἀοιδοῦ
648 2614 786 2691 μελέτας,

135 2794 170 2857 et
193 2815 223 2857 ν.
244 2794 328 2857 1346
352 2814 441 2877 sqq.=

297 2949 360 3025 ἐγὼ
384 2949 411 3011 δ’
436 2949 457 3012 ἁ
479 2948 610 3013 τάλαινα
633 2949 830 3029 προσέχοασ’
855 2948 967 3029 ἔτυχον
991 2950 1126 3027 ἐμαυτῆς
1149 2948 1253 3027 ἔργοις

297 3073 384 3137 λίνου
408 3075 526 3152 μεστὸν
551 3073 707 3153 ἄτρακτον

350 3201 376 3265 εἰ
399 3222 424 3265 ει
447 3221 473 3264 ει

296 3326 537 3391 εἱειειλίσσουσα
560 3328 673 3405 χεροῖν.

227 3509 289 3587 Qui
313 3510 566 3590 interpretantur
583 3507 779 3589 Aeschylum
803 3507 863 3570 illis
888 3505 940 3569 εἰει
957 3540 994 3549 -
1008 3505 1059 3569 εἰει
1076 3539 1113 3548 -
1129 3505 1307 3570 εἱειλίσσετε

138 3635 281 3699 alludere
314 3633 358 3698 ad
388 3631 530 3717 syllabas
559 3631 653 3695 metri
683 3632 750 3694 sive
781 3631 925 3695 musicae
955 3650 1055 3695 causa
1085 3630 1127 3694 ab
1156 3631 1307 3713 Euripide

136 3760 309 3844 quinquies
340 3759 391 3823 vel
422 3757 525 3821 sexies
556 3757 723 3839 repetitas,
759 3755 888 3820 illorum
922 3774 1074 3819 versuum
1110 3755 1306 3836 singularem

135 3887 276 3969 speciem
306 3905 372 3951 non
396 3879 540 3950 tollunt.²
586 3882 700 3965 Neque
723 3861 810 3946 enim
834 3874 1030 3946 concesseris
1053 3881 1241 3963 Euripidem
1264 3883 1306 3946 ad

138 4032 235 4076 suurn
270 4010 439 4076 arbitrium
474 4013 506 4073 et
541 4008 707 4073 libidinem
742 4007 826 4072 illius
857 4006 983 4090 generis
1013 4006 1215 4071 calamistros
1245 4008 1307 4073 hoc

229 4229 238 4261 ¹
257 4225 290 4277 In
308 4224 431 4277 versibus
449 4222 603 4290 digerendis
621 4223 821 4277 Fritschium
839 4226 946 4276 secutus
965 4239 1034 4276 sum.

225 4321 236 4354 ²
254 4323 285 4378 V.
304 4323 460 4379 Fritschii
480 4329 623 4380 comment.
649 4325 684 4380 ad
702 4323 747 4380 Ar.
761 4323 830 4378 Ran.
848 4340 873 4394 p.
886 4323 947 4388 401,
974 4327 1000 4379 et
1018 4321 1178 4381 Kockium
1197 4322 1231 4376 ad
1245 4322 1272 4376 h.
1286 4321 1304 4376 l.
