3159 4942
593 228 811 315 *55*

118 428 202 490 fabri
226 427 341 491 aerarii
365 432 398 491 et
424 429 575 491 metallici
607 429 730 525 artificii
761 426 961 493 inventores¹
989 431 1166 513 antiquitus
1194 436 1289 512 puta-

117 553 238 616 bantur
262 550 363 635 (quod
386 553 452 616 iam
475 553 579 617 elucet
601 575 619 617 3
638 554 838 617 nominibus:
863 554 990 632 Gelmis
1015 555 1287 631 DamnameneuS,

119 672 270 756 Acmon).

208 801 308 884 Atqui
324 802 442 884 dactyli
459 803 565 865 forma
576 837 619 844 —
633 832 665 851 υ
679 830 712 850 υ
725 802 818 865 facile
834 803 980 880 efficitur,
997 804 1024 866 si
1036 805 1156 867 ferrum
1172 805 1289 868 malleo

118 926 338 989 contunditur.
385 926 443 1001 lta,
468 927 494 988 si
519 925 601 989 fabri
625 927 669 988 illi
693 927 841 993 canendo
872 927 1023 990 solatium
1051 928 1171 991 laboris
1201 933 1290 1010 pele-

119 1054 210 1131 bant‚
235 1053 360 1117 cantica
391 1073 504 1116 eorum
527 1057 564 1116 ut
598 1055 676 1134 apta
711 1053 814 1116 labori
849 1054 1013 1136 dactylum
1041 1074 1211 1117 numerum
1240 1074 1290 1116 se-

120 1179 315 1259 quebantur.
363 1178 426 1255 Qui
449 1178 537 1241 modi
562 1181 599 1241 ut
627 1178 690 1242 alia
714 1179 937 1260 operariorum
967 1179 1093 1242 cantica
1122 1182 1191 1242 tam
1218 1180 1289 1242 rudi

119 1308 152 1367 et
176 1303 311 1384 simplici
335 1306 430 1366 erant
453 1302 568 1384 specie,
593 1307 629 1365 ut
652 1303 753 1384 ipsius
776 1303 920 1366 musicae
948 1303 1026 1366 artis
1056 1303 1161 1385 prima
1188 1305 1291 1367 incre·

118 1433 231 1493 menta
266 1430 380 1492 haberi
415 1432 558 1511 possent.
606 1428 699 1492 Unde
731 1428 859 1492 Solini
889 1429 989 1491 verba
1024 1425 1064 1509 (o.
1091 1429 1145 1505 11,
1175 1424 1288 1508 6M.):

124 1555 286 1631 „studium
310 1556 469 1619 musicum
493 1554 568 1619 inde
592 1559 753 1636 coeptum,
783 1575 857 1618 cum
880 1554 967 1618 Idaei
999 1556 1117 1638 dactyli
1140 1557 1290 1620 modulos

119 1680 243 1771 crepitu
276 1700 314 1742 ac
350 1678 468 1742 tinnitu
504 1679 587 1742 aeris
622 1679 843 1761 deprehensos
872 1681 905 1743 in
933 1681 1115 1744 versificum
1144 1682 1291 1745 ordinem

119 1803 385 1868 transtulerunt“.

210 1931 291 1996 Cum
315 1909 573 2011 eodem'genere
601 1929 722 1993 laboris
745 1929 772 1992 is
788 1949 943 1993 numerus
959 1931 1133 1993 cohaerere
1152 1931 1289 2008 videtur,

121 2075 220 2137 quem
246 2054 499 2137 „anapaestum“
528 2054 633 2118 dicere
657 2056 807 2119 solemus,

211 2180 313 2243 Nimis
348 2178 507 2243 subtiliter
542 2179 743 2261 grammatici
777 2181 874 2244 huius
909 2181 996 2245 vocis
1029 2182 1186 2262 originem
1215 2182 1290 2245 inde

124 2306 288 2387 petebant,
314 2305 402 2388 quod
433 2308 613 2385 anapaesto
649 2304 742 2386 quasi
777 2305 1011 2388 „antidaetylo“
1044 2305 1112 2388 ipse
1143 2306 1291 2388 dactylus

122 2427 334 2492 είναπαίεται.2
380 2430 538 2511 Equidem
567 2429 744 2493 censuerim
770 2433 986 2511 anapaestum
1015 2450 1119 2511 aeque
1147 2449 1185 2492 ac
1215 2431 1303 2514 dacy

120 2556 224 2638 tylum
245 2555 287 2618 ad
303 2555 470 2618 fabrorum
486 2574 586 2635 opera
607 2555 812 2618 referendum
829 2575 909 2619 esse.
949 2556 1034 2618 Nam
1050 2555 1142 2618 facile
1161 2573 1292 2618 conces-

122 2681 202 2744 seris
219 2680 251 2743 in
268 2682 352 2744 ferro
370 2682 610 2757 contundendo,
635 2701 708 2744 cum
720 2681 856 2745 malleus
873 2682 915 2744 ad
931 2681 1082 2745 incudem
1098 2678 1291 2754 ἀναπαίεται,

121 2809 205 2871 tales
229 2806 285 2889 1-
298 2837 331 2855 v
344 2837 377 2857 υ
402 2809 453 2871 vel
477 2836 509 2855 υ
523 2836 556 2855 υ
571 2803 625 2887 -1
653 2807 811 2889 imprimis
841 2827 994 2871 numeros
1024 2806 1137 2870 audiri.
1184 2805 1292 2886 Atque

122 2933 333 2997 confirmatur
356 2934 437 2996 haec
460 2932 620 2997 sententia
636 2932 789 3016 Hesychii
814 2933 920 2997 verbis
944 2954 969 2996 s,
987 2953 1016 2996 v.
1034 2932 1291 3009 ἀναπαιστρίδες·

123 3061 246 3136 σφῦραν
269 3058 355 3135 παρὰ
378 3060 445 3153 τοῖς
467 3060 641 3137 χαλκεῦσιν.

122 3319 260 3386 προίασιν)
280 3320 297 3386 ἢ
317 3321 377 3373 ἀπὸ
391 3324 450 3373 τῶν
469 3320 631 3383 Δακτύλων,
651 3321 700 3385 οὓς
718 3321 902 3386 ἐπιλαβομένη
920 3323 970 3385 τῆς
991 3324 1042 3386 γῆς
1065 3321 1168 3386 ἀνῆκεν
1186 3321 1203 3386 ἡ
1223 3321 1292 3373 (Ρέα,

122 3420 199 3472 Idem
223 3420 341 3476 Gramm.
362 3418 487 3473 Ambros
514 3420 576 3487 περί
602 3423 651 3486 τῆς
675 3425 735 3473 τῶν
761 3423 860 3473 ποδῶν
886 3420 1035 3486 ὀνομασίας
1063 3420 1134 3484 (Lex.
1155 3419 1232 3472 Vind.
1251 3421 1291 3473 ed.

121 3519 224 3583 Nauck,
243 3538 268 3588 p.
283 3522 351 3587 156).

217 3649 225 3680 ¹
244 3649 332 3703 Schol.
352 3648 404 3718 Ap.
425 3651 512 3704 Rhod.
533 3652 544 3704 l
567 3651 634 3703 1116
653 3668 710 3719 sqq.
749 3650 786 3704 Ct'.
807 3650 915 3718 Gruppe
937 3651 1106 3703 Gttechischc
1125 3649 1292 3715 Mydrolopie,

122 3768 149 3818 p.
165 3751 241 3815 1308,
264 3751 339 3804 1511.

214 3875 274 3931 ²V.
304 3878 398 3944 Georg.
428 3878 607 3931 Choerobosci
636 3878 782 3930 commin
804 3877 946 3944 Hephaest.
975 3876 1022 3939 lll.
1057 3877 1097 3928 ed.
1125 3876 1292 3940 Consbmeh,

123 3992 149 4041 p.
164 3974 223 4038 115,
246 3975 290 4026 15:
310 3974 493 4038 Ἀνοίπαιστος
512 3974 551 4035 δέ,
572 3975 605 4027 ὃν
624 3974 668 4028 καί
688 3977 802 4027 καλοῦσι
814 3975 886 4037 τινές
899 3974 1106 4026 ἀντιδάκτυλον.
1139 3973 1243 4040 ἐκλήθη
1263 3975 1294 4026 δέ

129 4077 220 4140 οὕτως
240 4078 284 4129 διὰ
302 4078 336 4129 τὸ
350 4078 544 4143 ἀντικειμένως
557 4079 627 4143 ἔχειν
646 4083 686 4146 τῷ
705 4077 793 4145 ἡρῲῳ
813 4077 873 4140 (δύο
886 4078 938 4142 γὰρ
959 4078 1012 4141 ἔχει
1026 4074 1149 4142 βραχείας
1162 4075 1231 4127 κατὰ
1244 4075 1296 4139 τὴν

125 4177 214 4243 ἀρχὴν
232 4180 282 4242 τῆς
300 4177 426 4244 πλήξεως
443 4182 495 4230 τοῦ
515 4180 632 4245 ῥυθμοῦ,
652 4178 705 4242 τὴν
729 4179 759 4229 δέ
778 4176 875 4242 τρίτην
901 4176 1006 4241 μακρὰν
1030 4176 1061 4227 ἐν
1083 4180 1117 4242 τῇ
1140 4174 1229 4238 θέσει)
1253 4172 1296 4224 καί

123 4277 184 4330 ἄνω
204 4276 293 4330 παίειν
312 4276 360 4331 ἀεί.
399 4278 437 4332 cf.
452 4276 629 4330 Consbruchii
643 4276 704 4330 edit.
718 4276 863 4345 Hephaest.
877 4293 902 4345 pa
913 4275 973 4339 301,
989 4276 1034 4337 10;
1055 4274 1114 4337 333,
1132 4273 1163 4325 11
1169 4291 1176 4335 ;
1196 4273 1256 4336 367,
1268 4274 1294 4324 6.
