3159 4942
438 454 588 537 λεπταλέῃ
612 460 720 536 φωνῇ·
746 453 795 516 τοὶ
819 456 853 516 δὲ
876 451 1056 530 ῥήσσοντες
1080 451 1199 535 ἁμαρτῇ

439 582 541 662 μολπῇ
564 573 592 641 τ’
618 578 716 662 ἰυγμῷ
740 600 774 641 τε
798 579 895 642 ποσὶν
920 577 1104 655 σκαίροντες
1128 578 1255 642 ἕποντο.

370 776 477 839 Verbo
500 774 588 838 λίνον
611 774 662 839 hic
686 777 845 856 usurpato
868 774 963 837 nobis
986 775 1202 871 persuadetur
1217 775 1314 838 huius
1338 777 1454 839 carmi-

279 902 330 965 nis
354 904 548 983 argumenta
578 902 642 965 alia
669 900 769 964 fuisse
800 921 838 963 ac
868 900 940 961 κλέα
964 898 1101 977 ἀνδρῶν.
1148 900 1288 963 Uberius
1319 900 1359 964 de
1389 901 1453 964 hoc

279 1027 351 1090 loco
376 1025 514 1107 infrap
535 1025 577 1087 ⁶26
596 1044 667 1106 sqq.
693 1027 817 1104 agetur.

370 1150 460 1232 Nupt
447 1150 532 1212 tialis
549 1149 700 1213 carminis
716 1149 750 1212 ll.
768 1150 840 1211 Σν.
857 1149 934 1225 493,
955 1148 1082 1293 epinicii
1103 1148 1136 1211 ll
1154 1147 1225 1212 Χν
1244 1150 1302 1212 391
1329 1150 1453 1213 mentio

280 1273 425 1336 infertur

372 1396 593 1480 Calypsonem
616 1398 649 1459 et
636 1395 792 1459 tCircam
815 1398 946 1459 versato
969 1395 1041 1459 suso
1058 1397 1199 1459 stamina
1215 1397 1370 1460 ducentes
1395 1396 1454 1458 ob-

279 1522 464 1586 lectamenti
490 1540 590 1584 causa
613 1520 758 1584 carmina
786 1520 939 1583 cecinisse
968 1519 1167 1599 significatur
1190 1519 1250 1583 Od.
1266 1540 1281 1583 ε
1297 1541 1326 1584 ν.
1344 1521 1383 1583 61
1403 1541 1451 1603 sq.

281 1650 314 1710 et
341 1665 407 1708 κν.
426 1646 492 1709 ⁶220
508 1665 556 1728 sq.
603 1644 672 1707 Hos
704 1663 835 1726 quoque
865 1663 978 1707 versus
1006 1644 1089 1706 inira
1116 1665 1147 1725 p.
1166 1644 1207 1706 35
1236 1644 1449 1707 revolvemus.
1518 1677 1526 1695 =

280 1770 411 1834 Interim
436 1770 514 1833 satis
545 1768 586 1832 sit
616 1767 767 1832 statuisse
792 1768 1038 1832 Homericorum
1069 1767 1248 1831 carminum
1278 1770 1385 1831 aetate
1415 1772 1452 1831 ut

279 1896 409 1978 epicum
442 1913 544 1975 genus
578 1913 715 1976 poeseos
750 1893 797 1956 ita
831 1893 925 1975 quasi
956 1892 1091 1975 lyricum
1119 1893 1184 1956 iarn
1214 1892 1312 1956 fuisse
1344 1892 1452 1956 excul-
1517 1931 1519 1933 -

279 2023 358 2084 tum.
415 2017 481 2081 Sed
515 2017 598 2081 haec
633 2037 763 2100 quoque
799 2017 944 2082 carmina
981 2017 1081 2100 lyrica
1110 2017 1227 2081 eodem
1256 2017 1355 2080 modo
1386 2037 1451 2099 quo

278 2141 371 2223 epica
394 2162 435 2204 ex
458 2141 639 2223 antiquiore
662 2142 752 2204 initio
776 2162 816 2205 eo
839 2141 1044 2224 perfectionis
1070 2145 1236 2205 venerunt.
1283 2142 1319 2204 ln
1350 2162 1450 2224 quae-

278 2264 388 2328 rendis
405 2268 514 2328 autem
532 2265 583 2327 his
599 2262 792 2345 primordiis
810 2284 882 2327 cum
899 2283 940 2326 ex
955 2264 1254 2346 antiquissimarum
1269 2264 1450 2327 litterarum

279 2389 356 2453 solis
380 2389 579 2470 argumentis
603 2392 635 2452 et
658 2388 826 2452 sententiis
849 2388 926 2451 certi
953 2388 1033 2463 nihil
1056 2392 1199 2467 eruatur,
1231 2388 1295 2453 alia
1321 2388 1446 2452 ratione

280 2515 327 2578 uti
350 2517 383 2577 et
406 2516 512 2577 metra
535 2531 620 2594 quae
643 2530 799 2575 vocanrus
823 2513 970 2592 spectare
988 2514 1131 2593 oportet.

366 2635 517 2698 Fortasse
545 2635 632 2698 enim
666 2637 759 2717 putet
790 2634 954 2716 quispiam
981 2653 1021 2699 ea
1049 2636 1204 2714 carmina,
1236 2656 1321 2719 quae
1349 2637 1446 2701 hodie

277 2759 371 2823 nobis
395 2757 664 2839 simplicissimam
687 2758 781 2821 metri
797 2758 937 2822 formam
952 2758 1105 2823 exhihere
1126 2760 1285 2839 videntur,
1310 2762 1442 2825 omnino

277 2884 375 2946 fuisse
400 2883 635 2965 antiquissima.
689 2883 754 2947 Sed
784 2883 847 2947 hoc
877 2885 994 2948 salsum
1024 2888 1083 2948 est.
1136 2886 1218 2949 Cum
1247 2885 1379 2950 Homeri
1415 2891 1447 2951 et

279 3007 412 3072 Hesiodi
437 3010 507 3070 tum
530 3006 714 3071 Archilochi
738 3007 892 3090 Sapphus
921 3009 1057 3072 aliorum
1080 3028 1193 3072 versus
1217 3029 1236 3072 a
1264 3009 1448 3074 rudioribus

277 3151 487 3197 numerorum
511 3131 616 3194 modis
640 3132 809 3213 repetendi
837 3134 922 3195 sunt.
970 3131 1064 3208 Quod
1088 3131 1109 3194 ii
1133 3131 1448 3211 demonstraverunt,

278 3260 334 3341 qui
357 3257 573 3340 posteriorum
600 3260 785 3339 temporum
809 3259 917 3321 varias
944 3261 1121 3321 metrorum
1150 3256 1270 3320 formas
1298 3258 1331 3320 in
1360 3260 1451 3341 priu-

277 3386 399 3467 cipales
424 3384 587 3467 quasdam
610 3384 785 3466 particulas
802 3383 1014 3447 dissolventes
1037 3382 1190 3446 metricae
1214 3383 1347 3465 quidem
1371 3386 1449 3447 artis

276 3510 453 3591 primordia
471 3510 596 3591 aperire
613 3512 643 3572 st
630 3508 804 3572 ttuduerin.
810 3503 821 3542 ¹
855 3507 886 3570 A
902 3508 1020 3589 quibus
1044 3508 1076 3570 id
1100 3527 1231 3590 quoque
1254 3512 1379 3590 tempta
1359 3512 1450 3572 atum

276 3637 326 3696 est
342 3634 566 3697 demonstrare
583 3634 682 3697 alium
698 3633 821 3696 fontem
836 3634 1012 3714 epicorum,
1038 3633 1117 3697 alios
1137 3633 1312 3716 lyricorum
1335 3634 1451 3697 carmi-

276 3775 355 3820 num
371 3756 479 3820 suisse.
512 3757 650 3833 Quodsi
666 3776 779 3820 verum
795 3760 845 3819 est
847 3756 1054 3837 ,rogandum
1070 3760 1129 3834 est,
1147 3759 1312 3839 quomodo
1329 3758 1451 3822 factum

366 4009 495 4063 1Theod.
514 4009 631 4075 Bergk,
662 3995 733 4063 Uber
758 4010 809 4063 dns
835 4011 927 4063 otone
954 4012 1088 4064 Versrnad
1113 4010 1162 4065 der
1188 4010 1329 4080 Griechen,
1355 4013 1448 4080 Progr.

276 4105 347 4159 Frib
363 4106 444 4169 1854;
464 4107 556 4159 Herm.
575 4106 711 4170 Usener,
732 4107 881 4173 Alturicch
901 4106 1029 4171 Versbau,
1048 4106 1127 4159 Bonn
1149 4108 1225 4161 1887.
1262 4109 1301 4163 De
1326 4112 1448 4178 singulis,

277 4203 375 4273 quippe
394 4220 463 4273 quae
481 4204 547 4257 satis
565 4204 669 4258 lubrica
693 4205 753 4268 sint,
778 4210 820 4258 ac
822 4221 888 4258 urus
907 4220 963 4257 non
986 4222 1059 4270 sum;
1083 4223 1109 4259 ν
1123 4206 1151 4259 F.
1165 4205 1326 4272 Solms'en,
1355 4210 1408 4265 Un
1397 4216 1449 4265 er

275 4296 430 4368 surianam
448 4319 498 4358 zur
516 4303 614 4374 pileolo
634 4303 722 4359 Laut·
740 4303 799 4360 und
823 4304 968 4370 Venena
987 4303 1090 4375 Argent
1090 4305 1159 4361 orati
1180 4307 1259 4361 1901.

1573 3706 1575 3815 l

1571 4136 1575 4295 l

1571 4378 1574 4535 l

1569 4846 1574 4906 ,
