3159 4942
759 245 978 304 ..12-

288 431 437 497 Σακάδα1
461 435 510 497 καὶ
537 432 739 513 Προνίιμου2
779 437 851 513 μέλη
891 436 965 499 τότε
1003 438 1039 514 δὴ
1075 438 1219 516 προήχθη
1252 438 1386 515 μάλιστα
1418 439 1463 516 εἰς

287 559 424 638 ἅμιλλαν.

375 686 589 769 Expugnatae
624 688 713 751 urbis
748 688 952 752 Athenarum
982 675 1093 752 muros
1124 710 1144 752 a
1174 664 1343 772 Lysandro
1373 691 1461 754 tibiis

287 813 478 878 canentibus
512 833 583 878 esse
618 814 769 879 disiectos
799 835 840 880 ex
862 815 1028 880 Plutarchi
1057 816 1254 896 intellegitur
1276 818 1327 881 his
1351 816 1461 881 verbis

287 937 372 1023 (Lys
390 960 416 1004 c.
436 936 504 1021 15):
537 934 574 1002 ‘0
599 938 657 1003 οὖν
681 939 870 1020 Λύσανδρος
893 940 1054 1005 ἐνδόντων
1081 945 1147 1004 τῶν
1171 935 1353 1019 Ἀθηναίων
1377 943 1461 1021 πρὸς

286 1065 420 1143 ἅπαντα,
438 1067 557 1144 πολλὰς
574 1068 628 1145 μὲν
645 1067 677 1133 ἐξ
693 1065 820 1144 ἄστεως
833 1067 1114 1145 μεταπεμψάμενος
1131 1066 1326 1146 αὐλητρίδας,
1351 1066 1462 1144 πάσας

285 1194 319 1254 δὲ
343 1193 400 1269 τὰς
423 1193 457 1256 ἐν
480 1198 526 1275 τῷ
552 1192 760 1275 στρατοπέδῳ
786 1194 979 1267 συναγαγὼν
1002 1192 1042 1255 τὰ
1071 1191 1153 1271 τείχη
1184 1194 1380 1256 κατέσκαπτε
1410 1193 1461 1256 καὶ

284 1316 342 1393 τὰς
376 1317 508 1393 τριήρεις
547 1316 718 1393 κατέφλεγε
752 1317 835 1393 πρὸς
881 1316 939 1379 τὸν
971 1315 1070 1379 αὐλὸν
1102 1315 1379 1395 ἐστεφανωμένων
1409 1317 1463 1378 καὶ-

285 1440 463 1505 παιΖὸντων
487 1438 550 1517 ἅμα
572 1444 639 1529 τῶν
664 1439 846 1519 συμμάχων,
872 1440 918 1517 ως
941 1439 1060 1518 ἐκείνην
1076 1443 1135 1519 τὴν
1158 1441 1274 1519 ἡμέραν
1295 1440 1461 1520 οίρχουσριν

283 1570 340 1642 τῆς
363 1564 551 1643 ἐλευθερίας.
599 1566 671 1643 Quo
694 1566 765 1629 loco
789 1566 942 1629 tibiarum
966 1570 1081 1630 cantus
1106 1588 1173 1630 non
1197 1587 1330 1650 prorsus
1352 1567 1459 1649 ipsius

284 1691 403 1756 laboris
427 1711 535 1756 comes
559 1696 703 1774 apparet,
729 1692 786 1754 sed
815 1691 1003 1767 adamum,
1035 1693 1091 1774 qui
1114 1693 1269 1770 vicerunt,
1301 1712 1460 1773 pompam

283 1818 378 1884 'simul
402 1819 550 1884 concinit.

371 1944 444 2007 Huc
478 1944 638 2025 pertinere
674 1943 840 2024 putaveris
875 1942 1021 2035 fabulam
1051 1942 1149 2018 illam,
1192 1962 1259 2024 qua
1289 1942 1458 2024 Amphion

283 2069 428 2132 sonantis
444 2068 533 2151 lyrae
549 2088 650 2150 opera
665 2086 776 2132 muros
792 2068 981 2131 Thebarum
997 2062 1192 2131 exstruxisse
1208 2068 1334 2131 dicitur.
1366 2067 1458 2130 Haec

282 2193 394 2257 fabula
418 2192 460 2256 ab
483 2192 627 2256 Hesiodo
652 2191 702 2274 (fr.
719 2165 762 2256 6ί)
778 2188 850 2271 Rz.)
873 2192 1015 2274 primum
1030 2192 1133 2255 relata
1148 2212 1167 2254 a
1183 2191 1292 2254 multis
1313 2192 1457 2273 antiquis

282 2317 492 2399 scriptoribus
516 2321 650 2400 accepta
665 2321 723 2381 cst.
771 2316 870 2380 Cuius
894 2317 1017 2398 origine
1040 2320 1072 2379 et
1096 2316 1257 2380 sententia
1280 2316 1352 2380 miri
1376 2316 1457 2379 nihil

279 2443 463 2526 praebetur.
512 2443 598 2506 Nam
629 2443 684 2524 qui
707 2442 854 2505 fabulam
883 2441 972 2505 illam
995 2442 1189 2506 invenerunt
1217 2441 1335 2505 idcirco
1360 2441 1457 2504 nimi·

279 2587 353 2630 rum
376 2567 465 2650 lyrae
488 2567 650 2648 magicam
674 2565 842 2646 quandam
866 2564 932 2627 vim
955 2564 1150 2638 tribuebant,
1177 2564 1264 2646 quod
1289 2565 1455 2629 intellexe-

279 2696 362 2771 rant,
398 2696 559 2774 quantum
594 2690 770 2755 levamenti
800 2710 840 2753 ex
869 2689 1059 2772 rhythmicis
1089 2690 1178 2772 lyrae
1207 2691 1314 2754 modis
1343 2695 1456 2772 posset

278 2817 410 2881 hauriri.
465 2816 612 2894 Quocum
647 2816 794 2880 conferas
824 2835 878 2890 ea,
923 2814 1008 2896 qua‘e
1042 2815 1084 2878 de
1116 2815 1257 2878 Preussii
1292 2816 1455 2879 sententia

279 2960 379 3023 supra
402 2962 433 3023 p.
452 2943 471 3005 8
496 2940 582 3005 dicta
605 2943 690 3003 sunt.

368 3065 557 3129 Athenaeus
580 3065 663 3129 haec
686 3067 823 3129 testatus
847 3067 896 3128 est
918 3065 938 3128 l.
956 3063 1007 3142 IV,
1025 3085 1056 3146 p.
1077 3065 1182 3129 rora:
1214 3057 1455 3143 Ἐρατοσθένης

278 3183 306 3253 δ’
331 3189 365 3254 έν
389 3190 508 3272 πρώτῳ
533 3184 784 3266 Ὀλυμπιονικῶν
814 3189 892 3265 τοὺς
914 3186 1100 3266 Τυρρηνούς
1130 3204 1212 3266 φησι
1241 3189 1324 3267 πρὸς
1355 3189 1454 3255 αὐλὸν

277 3316 438 3378 πυκτεύειν
462 3321 494 3379 ct
516 3315 584 3389 Xll,
601 3336 633 3397 p.
653 3314 761 3379 5185:
785 3313 849 3375 ὑπὸ
874 3315 908 3375 δὲ
930 3317 987 3390 τῆς
1009 3318 1133 3391 τρυφῆς
1157 3312 1187 3376 οἱ
1209 3313 1374 3392 Τυρρηνοί,
1406 3315 1454 3392 ὡς

276 3436 422 3517 Ἄλκιμος
448 3438 576 3516 ἱστορεῖ,
601 3439 684 3516 πρὸς
706 3437 804 3501 αὐλὸν
822 3439 870 3499 καὶ
886 3437 1041 3514 μάττουσι
1056 3438 1105 3498 καὶ
1122 3441 1340 3514 μαστιγοῦσιν.
1373 3439 1452 3516 Qui-

277 3568 412 3630 buscum
437 3564 636 3629 concordant
651 3564 789 3628 Pollucis
806 3564 848 3626 lV
864 3566 906 3628 55
930 3566 1012 3630 haec
1028 3565 1142 3628 verba:
1166 3562 1322 3640 Τυρρηνοὶ
1347 3566 1380 3625 δέ
1403 3569 1449 3646 τῷ

278 3686 520 3769 Ἀριστοτέλους
542 3688 627 3772 λόγῳ
650 3688 689 3751 οὐ
712 3688 923 3751 πυκτεύουσιν
954 3681 1008 3749 ὑπ’
1033 3685 1119 3768 αὐλῷ
1151 3684 1261 3762 μόνον,
1293 3686 1370 3750 ἀλλὰ
1401 3689 1451 3751 καὶ

277 3819 468 3895 μαστιγοῡσι
491 3816 541 3879 καὶ
565 3814 795 3892 ὀψοποιοῦσιν.

368 4019 427 4072 ¹V.
446 4019 524 4071 Paus.
543 4019 568 4070 ll
582 4019 625 4082 lh,
644 4019 673 4070 8:
699 4018 855 4083 (Σακάδας),
882 4017 913 4080 ὃς
930 4017 964 4070 τό
989 4018 1098 4083 αὔλημα
1121 4019 1155 4070 τὸ
1181 4018 1310 4070 Πυθικὸν
1335 4023 1450 4085 πρῶτος

276 4121 399 4186 ηὔλησεν
417 4119 448 4171 ἐν
467 4118 597 4184 Δελφοῖς.

365 4217 424 4269 ²V.
444 4217 523 4270 Paus.
541 4216 576 4269 IX
598 4216 638 4280 lh,
659 4217 686 4268 5:
706 4216 858 4282 Προνόμος
877 4215 908 4267 δὲ
926 4214 970 4281 ἦν,
994 4213 1025 4277 ὃς
1042 4218 1155 4280 πρῶτος
1174 4213 1328 4280 ἐπενόησεν
1346 4214 1450 4277 αὐλοὺς

277 4315 306 4378 ἐς
323 4314 396 4367 (taor
415 4314 546 4381 ἁρμονίας
565 4312 639 4376 εἶδος
658 4313 771 4378 ἔχοντας
791 4309 961 4376 ἐπιτηδείως.
