<?xml version="1.0" encoding="UTF-8"?>
<!DOCTYPE html PUBLIC "-//W3C//DTD XHTML 1.0 Transitional//EN"
    "http://www.w3.org/TR/xhtml1/DTD/xhtml1-transitional.dtd">
<html xmlns="http://www.w3.org/1999/xhtml" xml:lang="en" lang="en">
 <head>
  <title>
</title>
<meta http-equiv="Content-Type" content="text/html;charset=utf-8" />
  <meta name='ocr-system' content='tesseract 3.04.00' />
  <meta name='ocr-capabilities' content='ocr_page ocr_carea ocr_par ocr_line ocrx_word'/>
</head>
<body>
  <div class='ocr_page' id='page_1' title='image "./deoperariorumca00hinrgoog_0017.png"; bbox 0 0 3159 4942; ppageno 0'>
   <div class='ocr_carea' id='block_1_1' title="bbox 121 1482 1298 1662">
    <p class='ocr_par' dir='ltr' id='par_1_1' title="bbox 121 1482 1298 1662">
     <span class='ocr_line' id='line_1_1' title="bbox 121 1482 1298 1662; baseline 0.001 -91"><span class='ocrx_word' id='word_1_1' title='bbox 121 1482 287 1662; x_wconf 76' lang='lat' dir='ltr'>Initium</span> <span class='ocrx_word' id='word_1_2' title='bbox 321 1509 439 1572; x_wconf 84' lang='lat' dir='ltr'>faciam</span> <span class='ocrx_word' id='word_1_3' title='bbox 474 1530 494 1573; x_wconf 88' lang='lat' dir='ltr'>a</span> <span class='ocrx_word' id='word_1_4' title='bbox 522 1511 682 1574; x_wconf 88' lang='lat' dir='ltr'>sententia</span> <span class='ocrx_word' id='word_1_5' title='bbox 720 1510 865 1592; x_wconf 85' lang='lat' dir='ltr'>quadam</span> <span class='ocrx_word' id='word_1_6' title='bbox 906 1510 993 1592; x_wconf 91' lang='lat' dir='ltr'>apud</span> <span class='ocrx_word' id='word_1_7' title='bbox 1025 1510 1165 1573; x_wconf 88' lang='lat' dir='ltr'>musicos</span> <span class='ocrx_word' id='word_1_8' title='bbox 1198 1509 1298 1572; x_wconf 86' lang='lat' dir='ltr'>Grae-</span> 
     </span>
    </p>
   </div>
   <div class='ocr_carea' id='block_1_2' title="bbox 121 1633 1303 3704">
    <p class='ocr_par' dir='ltr' id='par_1_2' title="bbox 121 1633 1303 3704">
     <span class='ocr_line' id='line_1_2' title="bbox 186 1633 1297 1717; baseline -0.001 -20"><span class='ocrx_word' id='word_1_9' title='bbox 186 1654 297 1698; x_wconf 89' lang='lat' dir='ltr'>corum</span> <span class='ocrx_word' id='word_1_10' title='bbox 313 1634 484 1717; x_wconf 78' lang='lat' dir='ltr'>scriptores</span> <span class='ocrx_word' id='word_1_11' title='bbox 500 1634 607 1698; x_wconf 84' lang='lat' dir='ltr'>obvia.</span> <span class='ocrx_word' id='word_1_12' title='bbox 643 1634 712 1699; x_wconf 91' lang='lat' dir='ltr'>Hos</span> <span class='ocrx_word' id='word_1_13' title='bbox 728 1634 816 1699; x_wconf 91' lang='lat' dir='ltr'>enim</span> <span class='ocrx_word' id='word_1_14' title='bbox 831 1635 865 1699; x_wconf 92' lang='lat' dir='ltr'>in</span> <span class='ocrx_word' id='word_1_15' title='bbox 888 1635 986 1698; x_wconf 86' lang='lat' dir='ltr'>rebus</span> <span class='ocrx_word' id='word_1_16' title='bbox 1002 1633 1135 1715; x_wconf 90' lang='lat' dir='ltr'>poeticis</span> <span class='ocrx_word' id='word_1_17' title='bbox 1151 1637 1297 1697; x_wconf 86' lang='lat' dir='ltr'>versatos</span> 
     </span>
     <span class='ocr_line' id='line_1_3' title="bbox 122 1758 1298 1840; baseline -0.002 -18"><span class='ocrx_word' id='word_1_18' title='bbox 122 1779 283 1823; x_wconf 89' lang='lat' dir='ltr'>essenon</span> <span class='ocrx_word' id='word_1_19' title='bbox 305 1759 422 1823; x_wconf 90' lang='lat' dir='ltr'>mirum</span> <span class='ocrx_word' id='word_1_20' title='bbox 447 1758 584 1836; x_wconf 89' lang='lat' dir='ltr'>videtur,</span> <span class='ocrx_word' id='word_1_21' title='bbox 610 1758 766 1840; x_wconf 89' lang='lat' dir='ltr'>quoniam</span> <span class='ocrx_word' id='word_1_22' title='bbox 795 1758 991 1822; x_wconf 85' lang='lat' dir='ltr'>Graecorum</span> <span class='ocrx_word' id='word_1_23' title='bbox 1016 1758 1161 1820; x_wconf 86' lang='lat' dir='ltr'>carmina</span> <span class='ocrx_word' id='word_1_24' title='bbox 1186 1778 1205 1822; x_wconf 92' lang='lat' dir='ltr'>a</span> <span class='ocrx_word' id='word_1_25' title='bbox 1228 1777 1298 1820; x_wconf 91' lang='lat' dir='ltr'>mu-</span> 
     </span>
     <span class='ocr_line' id='line_1_4' title="bbox 122 1863 1298 1967; baseline -0.002 -21"><span class='ocrx_word' id='word_1_26' title='bbox 122 1885 194 1946; x_wconf 84' lang='lat' dir='ltr'>sicis</span> <span class='ocrx_word' id='word_1_27' title='bbox 217 1863 324 1948; x_wconf 90' lang='lat' dir='ltr'>modis</span> <span class='ocrx_word' id='word_1_28' title='bbox 347 1904 529 1967; x_wconf 83' lang='lat' dir='ltr'><strong>numquam</strong></span> <span class='ocrx_word' id='word_1_29' title='bbox 559 1883 625 1947; x_wconf 89' lang='lat' dir='ltr'>fere</span> <span class='ocrx_word' id='word_1_30' title='bbox 657 1883 949 1964; x_wconf 77' lang='lat' dir='ltr'>distinguebantur.</span> <span class='ocrx_word' id='word_1_31' title='bbox 996 1883 1042 1945; x_wconf 93' lang='lat' dir='ltr'>llli</span> <span class='ocrx_word' id='word_1_32' title='bbox 1073 1885 1192 1956; x_wconf 85' lang='lat' dir='ltr'>autem,</span> <span class='ocrx_word' id='word_1_33' title='bbox 1224 1902 1298 1959; x_wconf 88' lang='lat' dir='ltr'>eum</span> 
     </span>
     <span class='ocr_line' id='line_1_5' title="bbox 123 2005 1297 2092; baseline -0.002 -20"><span class='ocrx_word' id='word_1_34' title='bbox 123 2013 225 2073; x_wconf 87' lang='lat' dir='ltr'>artem</span> <span class='ocrx_word' id='word_1_35' title='bbox 250 2029 308 2091; x_wconf 88' lang='lat' dir='ltr'>per</span> <span class='ocrx_word' id='word_1_36' title='bbox 331 2031 366 2075; x_wconf 90' lang='lat' dir='ltr'>se</span> <span class='ocrx_word' id='word_1_37' title='bbox 389 2010 496 2091; x_wconf 89' lang='lat' dir='ltr'>ipsam</span> <span class='ocrx_word' id='word_1_38' title='bbox 519 2009 651 2092; x_wconf 89' lang='lat' dir='ltr'>probari</span> <span class='ocrx_word' id='word_1_39' title='bbox 674 2013 707 2073; x_wconf 90' lang='lat' dir='ltr'>et</span> <span class='ocrx_word' id='word_1_40' title='bbox 730 2005 887 2073; x_wconf 83' lang='lat' dir='ltr'>contineri</span> <span class='ocrx_word' id='word_1_41' title='bbox 910 2028 1005 2089; x_wconf 89' lang='lat' dir='ltr'>posse</span> <span class='ocrx_word' id='word_1_42' title='bbox 1034 2007 1204 2084; x_wconf 82' lang='lat' dir='ltr'>nescirent,</span> <span class='ocrx_word' id='word_1_43' title='bbox 1236 2007 1297 2070; x_wconf 88' lang='lat' dir='ltr'>hoc</span> 
     </span>
     <span class='ocr_line' id='line_1_6' title="bbox 121 2130 1298 2216; baseline -0.003 -19"><span class='ocrx_word' id='word_1_44' title='bbox 121 2134 325 2214; x_wconf 90' lang='lat' dir='ltr'>potissimum</span> <span class='ocrx_word' id='word_1_45' title='bbox 362 2134 590 2216; x_wconf 81' lang='lat' dir='ltr'>postulabant,</span> <span class='ocrx_word' id='word_1_46' title='bbox 626 2136 663 2197; x_wconf 93' lang='lat' dir='ltr'>ut</span> <span class='ocrx_word' id='word_1_47' title='bbox 700 2134 792 2197; x_wconf 85' lang='lat' dir='ltr'>utilia</span> <span class='ocrx_word' id='word_1_48' title='bbox 826 2136 936 2197; x_wconf 88' lang='lat' dir='ltr'>essent</span> <span class='ocrx_word' id='word_1_49' title='bbox 974 2130 1154 2214; x_wconf 89' lang='lat' dir='ltr'>poemata.¹</span> <span class='ocrx_word' id='word_1_50' title='bbox 1206 2131 1298 2209; x_wconf 86' lang='lat' dir='ltr'>Quae</span> 
     </span>
     <span class='ocr_line' id='line_1_7' title="bbox 122 2258 1297 2340; baseline -0.001 -20"><span class='ocrx_word' id='word_1_51' title='bbox 122 2258 291 2339; x_wconf 89' lang='lat' dir='ltr'>spectandi</span> <span class='ocrx_word' id='word_1_52' title='bbox 314 2259 406 2336; x_wconf 88' lang='lat' dir='ltr'>rati0,</span> <span class='ocrx_word' id='word_1_53' title='bbox 431 2259 458 2321; x_wconf 89' lang='lat' dir='ltr'>si</span> <span class='ocrx_word' id='word_1_54' title='bbox 482 2259 615 2340; x_wconf 84' lang='lat' dir='ltr'>quidem</span> <span class='ocrx_word' id='word_1_55' title='bbox 639 2259 682 2322; x_wconf 93' lang='lat' dir='ltr'>ad</span> <span class='ocrx_word' id='word_1_56' title='bbox 706 2258 849 2322; x_wconf 79' lang='lat' dir='ltr'>Graecae</span> <span class='ocrx_word' id='word_1_57' title='bbox 873 2278 1011 2339; x_wconf 86' lang='lat' dir='ltr'>poeseos</span> <span class='ocrx_word' id='word_1_58' title='bbox 1038 2258 1199 2339; x_wconf 85' lang='lat' dir='ltr'>principia</span> <span class='ocrx_word' id='word_1_59' title='bbox 1228 2258 1297 2320; x_wconf 90' lang='lat' dir='ltr'>iure</span> 
     </span>
     <span class='ocr_line' id='line_1_8' title="bbox 125 2381 1298 2465; baseline -0.008 -13"><span class='ocrx_word' id='word_1_60' title='bbox 125 2383 312 2458; x_wconf 76' lang='lat' dir='ltr'>adhibetur,</span> <span class='ocrx_word' id='word_1_61' title='bbox 355 2383 577 2465; x_wconf 86' lang='lat' dir='ltr'>operariorum</span> <span class='ocrx_word' id='word_1_62' title='bbox 617 2382 784 2446; x_wconf 89' lang='lat' dir='ltr'>cantilenis</span> <span class='ocrx_word' id='word_1_63' title='bbox 823 2382 991 2464; x_wconf 87' lang='lat' dir='ltr'>aptissima</span> <span class='ocrx_word' id='word_1_64' title='bbox 1025 2386 1084 2445; x_wconf 87' lang='lat' dir='ltr'>est.</span> <span class='ocrx_word' id='word_1_65' title='bbox 1131 2381 1217 2444; x_wconf 87' lang='lat' dir='ltr'>Nam</span> <span class='ocrx_word' id='word_1_66' title='bbox 1247 2382 1298 2444; x_wconf 91' lang='lat' dir='ltr'>his</span> 
     </span>
     <span class='ocr_line' id='line_1_9' title="bbox 125 2477 1300 2589; baseline -0.003 -19"><span class='ocrx_word' id='word_1_67' title='bbox 125 2507 257 2571; x_wconf 86' lang='lat' dir='ltr'>canticis</span> <span class='ocrx_word' id='word_1_68' title='bbox 281 2507 422 2588; x_wconf 85' lang='lat' dir='ltr'>primurn</span> <span class='ocrx_word' id='word_1_69' title='bbox 445 2507 524 2571; x_wconf 92' lang='lat' dir='ltr'>nihil</span> <span class='ocrx_word' id='word_1_70' title='bbox 548 2505 731 2589; x_wconf 87' lang='lat' dir='ltr'>petebatur,</span> <span class='ocrx_word' id='word_1_71' title='bbox 756 2506 817 2569; x_wconf 92' lang='lat' dir='ltr'>nisi</span> <span class='ocrx_word' id='word_1_72' title='bbox 841 2509 877 2569; x_wconf 89' lang='lat' dir='ltr'>ut</span> <span class='ocrx_word' id='word_1_73' title='bbox 900 2507 994 2570; x_wconf 88' lang='lat' dir='ltr'>certis</span> <span class='ocrx_word' id='word_1_74' title='bbox 1022 2477 1165 2568; x_wconf 88' lang='lat' dir='ltr'>numeris</span> <span class='ocrx_word' id='word_1_75' title='bbox 1190 2504 1300 2567; x_wconf 90' lang='lat' dir='ltr'>clami·</span> 
     </span>
     <span class='ocr_line' id='line_1_10' title="bbox 124 2630 1298 2728; baseline -0.005 -32"><span class='ocrx_word' id='word_1_76' title='bbox 124 2633 200 2696; x_wconf 91' lang='lat' dir='ltr'>tatis</span> <span class='ocrx_word' id='word_1_77' title='bbox 234 2632 455 2696; x_wconf 86' lang='lat' dir='ltr'>laborantium</span> <span class='ocrx_word' id='word_1_78' title='bbox 487 2631 587 2695; x_wconf 91' lang='lat' dir='ltr'>animi</span> <span class='ocrx_word' id='word_1_79' title='bbox 616 2631 756 2694; x_wconf 89' lang='lat' dir='ltr'>iucunde</span> <span class='ocrx_word' id='word_1_80' title='bbox 774 2631 998 2728; x_wconf 73' lang='lat' dir='ltr'>allicerentur</span> <span class='ocrx_word' id='word_1_81' title='bbox 1036 2633 1069 2694; x_wconf 90' lang='lat' dir='ltr'>et</span> <span class='ocrx_word' id='word_1_82' title='bbox 1103 2630 1298 2694; x_wconf 87' lang='lat' dir='ltr'>levarentur.</span> 
     </span>
     <span class='ocr_line' id='line_1_11' title="bbox 125 2753 1298 2838; baseline -0.004 -18"><span class='ocrx_word' id='word_1_83' title='bbox 125 2756 221 2834; x_wconf 82' lang='lat' dir='ltr'>Quod</span> <span class='ocrx_word' id='word_1_84' title='bbox 244 2759 277 2819; x_wconf 89' lang='lat' dir='ltr'>et</span> <span class='ocrx_word' id='word_1_85' title='bbox 298 2755 453 2820; x_wconf 89' lang='lat' dir='ltr'>tibiarum</span> <span class='ocrx_word' id='word_1_86' title='bbox 475 2756 526 2819; x_wconf 86' lang='lat' dir='ltr'>vel</span> <span class='ocrx_word' id='word_1_87' title='bbox 550 2755 664 2818; x_wconf 91' lang='lat' dir='ltr'>fidium</span> <span class='ocrx_word' id='word_1_88' title='bbox 688 2758 720 2818; x_wconf 91' lang='lat' dir='ltr'>et</span> <span class='ocrx_word' id='word_1_89' title='bbox 743 2755 916 2838; x_wconf 91' lang='lat' dir='ltr'>verborum</span> <span class='ocrx_word' id='word_1_90' title='bbox 940 2753 1045 2817; x_wconf 92' lang='lat' dir='ltr'>modis</span> <span class='ocrx_word' id='word_1_91' title='bbox 1068 2754 1138 2817; x_wconf 89' lang='lat' dir='ltr'>fieri</span> <span class='ocrx_word' id='word_1_92' title='bbox 1161 2756 1298 2835; x_wconf 89' lang='lat' dir='ltr'>poterat.</span> 
     </span>
     <span class='ocr_line' id='line_1_12' title="bbox 125 2877 1299 2962; baseline -0.004 -18"><span class='ocrx_word' id='word_1_93' title='bbox 125 2881 173 2945; x_wconf 82' lang='lat' dir='ltr'>Ac</span> <span class='ocrx_word' id='word_1_94' title='bbox 196 2880 337 2962; x_wconf 91' lang='lat' dir='ltr'>primum</span> <span class='ocrx_word' id='word_1_95' title='bbox 360 2880 494 2962; x_wconf 88' lang='lat' dir='ltr'>quidem</span> <span class='ocrx_word' id='word_1_96' title='bbox 510 2880 674 2943; x_wconf 91' lang='lat' dir='ltr'>nonnullis</span> <span class='ocrx_word' id='word_1_97' title='bbox 690 2879 882 2943; x_wconf 84' lang='lat' dir='ltr'>testimoniis</span> <span class='ocrx_word' id='word_1_98' title='bbox 898 2878 950 2941; x_wconf 89' lang='lat' dir='ltr'>hic</span> <span class='ocrx_word' id='word_1_99' title='bbox 967 2878 1197 2941; x_wconf 88' lang='lat' dir='ltr'>confirmemus</span> <span class='ocrx_word' id='word_1_100' title='bbox 1214 2877 1299 2939; x_wconf 89' lang='lat' dir='ltr'>tibiis</span> 
     </span>
     <span class='ocr_line' id='line_1_13' title="bbox 126 3003 1086 3087; baseline -0.003 -20"><span class='ocrx_word' id='word_1_101' title='bbox 126 3005 177 3068; x_wconf 87' lang='lat' dir='ltr'>vel</span> <span class='ocrx_word' id='word_1_102' title='bbox 200 3004 308 3087; x_wconf 88' lang='lat' dir='ltr'>nervis</span> <span class='ocrx_word' id='word_1_103' title='bbox 332 3003 476 3069; x_wconf 86' lang='lat' dir='ltr'>Graecos</span> <span class='ocrx_word' id='word_1_104' title='bbox 500 3004 543 3067; x_wconf 89' lang='lat' dir='ltr'>ad</span> <span class='ocrx_word' id='word_1_105' title='bbox 567 3022 703 3085; x_wconf 86' lang='lat' dir='ltr'>operum</span> <span class='ocrx_word' id='word_1_106' title='bbox 726 3003 879 3066; x_wconf 90' lang='lat' dir='ltr'>solatium</span> <span class='ocrx_word' id='word_1_107' title='bbox 902 3021 982 3065; x_wconf 88' lang='lat' dir='ltr'>usus</span> <span class='ocrx_word' id='word_1_108' title='bbox 1005 3022 1086 3065; x_wconf 89' lang='lat' dir='ltr'>esse.</span> 
     </span>
     <span class='ocr_line' id='line_1_14' title="bbox 213 3125 1301 3210; baseline -0.006 -17"><span class='ocrx_word' id='word_1_109' title='bbox 213 3128 396 3193; x_wconf 85' lang='lat' dir='ltr'>Pausanias</span> <span class='ocrx_word' id='word_1_110' title='bbox 419 3149 494 3192; x_wconf 88' lang='lat' dir='ltr'>cum</span> <span class='ocrx_word' id='word_1_111' title='bbox 518 3130 586 3210; x_wconf 82' lang='lat' dir='ltr'>agit</span> <span class='ocrx_word' id='word_1_112' title='bbox 601 3129 642 3192; x_wconf 87' lang='lat' dir='ltr'>de</span> <span class='ocrx_word' id='word_1_113' title='bbox 657 3127 810 3192; x_wconf 89' lang='lat' dir='ltr'>Messana</span> <span class='ocrx_word' id='word_1_114' title='bbox 826 3127 906 3190; x_wconf 91' lang='lat' dir='ltr'>urbe</span> <span class='ocrx_word' id='word_1_115' title='bbox 925 3126 1056 3191; x_wconf 89' lang='lat' dir='ltr'>condita</span> <span class='ocrx_word' id='word_1_116' title='bbox 1071 3125 1153 3189; x_wconf 90' lang='lat' dir='ltr'>haec</span> <span class='ocrx_word' id='word_1_117' title='bbox 1169 3128 1301 3200; x_wconf 89' lang='lat' dir='ltr'>enarrat</span> 
     </span>
     <span class='ocr_line' id='line_1_15' title="bbox 125 3249 1300 3350; baseline -0.005 -34"><span class='ocrx_word' id='word_1_118' title='bbox 125 3250 179 3333; x_wconf 85' lang='lat' dir='ltr'>(lV</span> <span class='ocrx_word' id='word_1_119' title='bbox 196 3255 248 3331; x_wconf 69' lang='lat'>27,</span> <span class='ocrx_word' id='word_1_120' title='bbox 266 3249 314 3333; x_wconf 73' lang='lat' dir='ltr'>ll:</span> <span class='ocrx_word' id='word_1_121' title='bbox 339 3254 388 3316; x_wconf 83' lang='grc' dir='ltr'>καὶ</span> <span class='ocrx_word' id='word_1_122' title='bbox 412 3255 469 3330; x_wconf 86' lang='grc' dir='ltr'>τὴν</span> <span class='ocrx_word' id='word_1_123' title='bbox 488 3257 549 3350; x_wconf 31' lang='grc' dir='ltr'>’μὲν</span> <span class='ocrx_word' id='word_1_124' title='bbox 572 3252 646 3316; x_wconf 86' lang='grc' dir='ltr'>τότε</span> <span class='ocrx_word' id='word_1_125' title='bbox 668 3252 785 3331; x_wconf 79' lang='grc' dir='ltr'>ἡμέραν</span> <span class='ocrx_word' id='word_1_126' title='bbox 809 3253 892 3331; x_wconf 86' lang='grc' dir='ltr'>πρὸς</span> <span class='ocrx_word' id='word_1_127' title='bbox 915 3251 1043 3328; x_wconf 82' lang='grc' dir='ltr'>θυσίαις</span> <span class='ocrx_word' id='word_1_128' title='bbox 1067 3271 1100 3313; x_wconf 90' lang='grc' dir='ltr'>τε</span> <span class='ocrx_word' id='word_1_129' title='bbox 1123 3251 1172 3311; x_wconf 86' lang='grc' dir='ltr'>καὶ</span> <span class='ocrx_word' id='word_1_130' title='bbox 1196 3249 1300 3327; x_wconf 83' lang='grc' dir='ltr'>εὐχαῖς</span> 
     </span>
     <span class='ocr_line' id='line_1_16' title="bbox 124 3373 1301 3457; baseline -0.004 -17"><span class='ocrx_word' id='word_1_131' title='bbox 124 3376 219 3453; x_wconf 75' lang='grc' dir='ltr'>ἦσαν,</span> <span class='ocrx_word' id='word_1_132' title='bbox 243 3381 311 3454; x_wconf 78' lang='grc' dir='ltr'>ταῖς</span> <span class='ocrx_word' id='word_1_133' title='bbox 335 3380 369 3440; x_wconf 80' lang='grc' dir='ltr'>οὲ</span> <span class='ocrx_word' id='word_1_134' title='bbox 393 3377 508 3456; x_wconf 82' lang='grc' dir='ltr'>ἐφεξῆς</span> <span class='ocrx_word' id='word_1_135' title='bbox 523 3379 583 3440; x_wconf 85' lang='grc' dir='ltr'>τοῦ</span> <span class='ocrx_word' id='word_1_136' title='bbox 607 3377 729 3457; x_wconf 81' lang='grc' dir='ltr'>τείχους</span> <span class='ocrx_word' id='word_1_137' title='bbox 744 3377 802 3440; x_wconf 91' lang='grc' dir='ltr'>τὸν</span> <span class='ocrx_word' id='word_1_138' title='bbox 819 3377 985 3455; x_wconf 81' lang='grc' dir='ltr'>περίβολον</span> <span class='ocrx_word' id='word_1_139' title='bbox 1002 3375 1127 3453; x_wconf 78' lang='grc' dir='ltr'>ἤγειρον</span> <span class='ocrx_word' id='word_1_140' title='bbox 1143 3375 1193 3436; x_wconf 86' lang='grc' dir='ltr'>καὶ</span> <span class='ocrx_word' id='word_1_141' title='bbox 1209 3373 1301 3449; x_wconf 79' lang='grc' dir='ltr'>ἐντὸς</span> 
     </span>
     <span class='ocr_line' id='line_1_17' title="bbox 126 3497 1302 3580; baseline -0.003 -17"><span class='ocrx_word' id='word_1_142' title='bbox 126 3498 224 3578; x_wconf 85' lang='grc' dir='ltr'>οἰκίας</span> <span class='ocrx_word' id='word_1_143' title='bbox 241 3497 296 3564; x_wconf 64' lang='grc' dir='ltr'>’καὶ</span> <span class='ocrx_word' id='word_1_144' title='bbox 319 3502 359 3565; x_wconf 83' lang='grc' dir='ltr'>τὰ</span> <span class='ocrx_word' id='word_1_145' title='bbox 383 3501 450 3579; x_wconf 83' lang='grc' dir='ltr'>ἱερὰ</span> <span class='ocrx_word' id='word_1_146' title='bbox 473 3502 654 3564; x_wconf 83' lang='grc' dir='ltr'>ἐποιοῦντο.</span> <span class='ocrx_word' id='word_1_147' title='bbox 701 3500 885 3580; x_wconf 76' lang='grc' dir='ltr'>εἰργάζοντο</span> <span class='ocrx_word' id='word_1_148' title='bbox 914 3503 947 3563; x_wconf 82' lang='grc' dir='ltr'>δὲ</span> <span class='ocrx_word' id='word_1_149' title='bbox 977 3501 1026 3562; x_wconf 86' lang='grc' dir='ltr'>καὶ</span> <span class='ocrx_word' id='word_1_150' title='bbox 1055 3499 1118 3561; x_wconf 81' lang='grc' dir='ltr'>ὑπὸ</span> <span class='ocrx_word' id='word_1_151' title='bbox 1150 3502 1302 3575; x_wconf 86' lang='grc' dir='ltr'>μουσικῆς</span> 
     </span>
     <span class='ocr_line' id='line_1_18' title="bbox 125 3618 1303 3704; baseline -0.003 -16"><span class='ocrx_word' id='word_1_152' title='bbox 125 3624 220 3703; x_wconf 82' lang='grc' dir='ltr'>ἄλλης</span> <span class='ocrx_word' id='word_1_153' title='bbox 244 3629 298 3704; x_wconf 80' lang='grc' dir='ltr'>μὲν</span> <span class='ocrx_word' id='word_1_154' title='bbox 330 3626 487 3704; x_wconf 81' lang='grc' dir='ltr'>οὐδεμιᾶς,</span> <span class='ocrx_word' id='word_1_155' title='bbox 519 3626 626 3690; x_wconf 85' lang='grc' dir='ltr'>αὐλῶν</span> <span class='ocrx_word' id='word_1_156' title='bbox 657 3629 691 3688; x_wconf 81' lang='grc' dir='ltr'>δὲ</span> <span class='ocrx_word' id='word_1_157' title='bbox 715 3626 877 3689; x_wconf 86' lang='grc' dir='ltr'>Βοιωτίων</span> <span class='ocrx_word' id='word_1_158' title='bbox 908 3626 956 3687; x_wconf 86' lang='grc' dir='ltr'>καὶ</span> <span class='ocrx_word' id='word_1_159' title='bbox 987 3618 1147 3702; x_wconf 85' lang='grc' dir='ltr'>Ἀργείων.</span> <span class='ocrx_word' id='word_1_160' title='bbox 1198 3622 1238 3685; x_wconf 86' lang='grc' dir='ltr'>τά</span> <span class='ocrx_word' id='word_1_161' title='bbox 1268 3642 1303 3684; x_wconf 93' lang='grc' dir='ltr'>τε</span> 
     </span>
    </p>
   </div>
   <div class='ocr_carea' id='block_1_3' title="bbox 124 3832 1303 4390">
    <p class='ocr_par' dir='ltr' id='par_1_3' title="bbox 124 3832 1303 4390">
     <span class='ocr_line' id='line_1_19' title="bbox 216 3832 1302 3890; baseline -0.005 -1"><span class='ocrx_word' id='word_1_162' title='bbox 216 3835 225 3865; x_wconf 84' lang='lat'>¹</span> <span class='ocrx_word' id='word_1_163' title='bbox 247 3836 322 3889; x_wconf 88' lang='lat' dir='ltr'>Velut</span> <span class='ocrx_word' id='word_1_164' title='bbox 345 3836 545 3890; x_wconf 87' lang='lat' dir='ltr'>Plutarchus</span> <span class='ocrx_word' id='word_1_165' title='bbox 570 3836 724 3890; x_wconf 83' lang='lat' dir='ltr'>Aristoxeni</span> <span class='ocrx_word' id='word_1_166' title='bbox 752 3841 778 3889; x_wconf 87' lang='lat' dir='ltr'>et</span> <span class='ocrx_word' id='word_1_167' title='bbox 804 3835 952 3888; x_wconf 80' lang='lat' dir='ltr'>Heraclidis</span> <span class='ocrx_word' id='word_1_168' title='bbox 980 3834 1119 3888; x_wconf 86' lang='lat' dir='ltr'>sententiis</span> <span class='ocrx_word' id='word_1_169' title='bbox 1146 3832 1222 3885; x_wconf 86' lang='lat' dir='ltr'>nisus</span> <span class='ocrx_word' id='word_1_170' title='bbox 1249 3832 1302 3885; x_wconf 93' lang='lat' dir='ltr'>Ho-</span> 
     </span>
     <span class='ocr_line' id='line_1_20' title="bbox 125 3929 1301 3999; baseline -0.005 -12"><span class='ocrx_word' id='word_1_171' title='bbox 125 3950 232 3987; x_wconf 83' lang='lat' dir='ltr'>merum</span> <span class='ocrx_word' id='word_1_172' title='bbox 250 3935 306 3987; x_wconf 87' lang='lat' dir='ltr'>iam</span> <span class='ocrx_word' id='word_1_173' title='bbox 325 3951 385 3987; x_wconf 84' lang='lat' dir='ltr'>eam</span> <span class='ocrx_word' id='word_1_174' title='bbox 405 3935 440 3987; x_wconf 93' lang='lat' dir='ltr'>ob</span> <span class='ocrx_word' id='word_1_175' title='bbox 459 3950 570 3988; x_wconf 87' lang='lat' dir='ltr'>causam</span> <span class='ocrx_word' id='word_1_176' title='bbox 589 3950 697 3988; x_wconf 85' lang='lat' dir='ltr'>summa</span> <span class='ocrx_word' id='word_1_177' title='bbox 715 3932 795 3986; x_wconf 87' lang='lat' dir='ltr'>laude</span> <span class='ocrx_word' id='word_1_178' title='bbox 820 3933 933 3998; x_wconf 82' lang='lat' dir='ltr'>dignum</span> <span class='ocrx_word' id='word_1_179' title='bbox 951 3932 1053 3995; x_wconf 87' lang='lat' dir='ltr'>hahuit,</span> <span class='ocrx_word' id='word_1_180' title='bbox 1080 3931 1152 3999; x_wconf 87' lang='lat' dir='ltr'>quod</span> <span class='ocrx_word' id='word_1_181' title='bbox 1172 3929 1210 3993; x_wconf 88' lang='grc' dir='ltr'>είς</span> <span class='ocrx_word' id='word_1_182' title='bbox 1227 3929 1301 3995; x_wconf 82' lang='grc' dir='ltr'>ὠφέ-</span> 
     </span>
     <span class='ocr_line' id='line_1_21' title="bbox 125 4028 1300 4098; baseline -0.003 -14"><span class='ocrx_word' id='word_1_183' title='bbox 125 4034 201 4085; x_wconf 87' lang='grc' dir='ltr'>λειαν</span> <span class='ocrx_word' id='word_1_184' title='bbox 214 4032 257 4085; x_wconf 85' lang='grc' dir='ltr'>καί</span> <span class='ocrx_word' id='word_1_185' title='bbox 271 4032 404 4098; x_wconf 80' lang='grc' dir='ltr'>βοήθειαν</span> <span class='ocrx_word' id='word_1_186' title='bbox 421 4033 474 4098; x_wconf 86' lang='grc' dir='ltr'>τὴν</span> <span class='ocrx_word' id='word_1_187' title='bbox 488 4032 620 4098; x_wconf 86' lang='grc' dir='ltr'>μεγίστην</span> <span class='ocrx_word' id='word_1_188' title='bbox 632 4035 690 4096; x_wconf 81' lang='grc' dir='ltr'>τοῖς</span> <span class='ocrx_word' id='word_1_189' title='bbox 704 4034 808 4097; x_wconf 86' lang='grc' dir='ltr'>καιροῖς</span> <span class='ocrx_word' id='word_1_190' title='bbox 820 4032 957 4097; x_wconf 82' lang='grc' dir='ltr'>προέλαβε</span> <span class='ocrx_word' id='word_1_191' title='bbox 971 4030 1106 4095; x_wconf 83' lang='grc' dir='ltr'>μουσικήν</span> <span class='ocrx_word' id='word_1_192' title='bbox 1126 4029 1163 4093; x_wconf 82' lang='grc' dir='ltr'>(Π</span> <span class='ocrx_word' id='word_1_193' title='bbox 1164 4028 1205 4094; x_wconf 89' lang='grc' dir='ltr'>ερί</span> <span class='ocrx_word' id='word_1_194' title='bbox 1219 4043 1300 4092; x_wconf 86' lang='grc' dir='ltr'>μουο.</span> 
     </span>
     <span class='ocr_line' id='line_1_22' title="bbox 125 4125 1303 4195; baseline -0.003 -14"><span class='ocrx_word' id='word_1_195' title='bbox 125 4146 148 4182; x_wconf 90' lang='lat' dir='ltr'>c.</span> <span class='ocrx_word' id='word_1_196' title='bbox 161 4129 214 4193; x_wconf 80' lang='grc'>40).</span> <span class='ocrx_word' id='word_1_197' title='bbox 251 4128 334 4191; x_wconf 90' lang='lat' dir='ltr'>Idem,</span> <span class='ocrx_word' id='word_1_198' title='bbox 361 4145 423 4181; x_wconf 91' lang='lat' dir='ltr'>curn</span> <span class='ocrx_word' id='word_1_199' title='bbox 448 4128 554 4182; x_wconf 89' lang='lat' dir='ltr'>disserit</span> <span class='ocrx_word' id='word_1_200' title='bbox 578 4128 612 4182; x_wconf 89' lang='lat' dir='ltr'>de</span> <span class='ocrx_word' id='word_1_201' title='bbox 637 4128 697 4182; x_wconf 90' lang='lat' dir='ltr'>loco</span> <span class='ocrx_word' id='word_1_202' title='bbox 723 4127 777 4190; x_wconf 91' lang='lat' dir='ltr'>illo,</span> <span class='ocrx_word' id='word_1_203' title='bbox 805 4144 859 4195; x_wconf 89' lang='lat' dir='ltr'>quo</span> <span class='ocrx_word' id='word_1_204' title='bbox 880 4127 1016 4178; x_wconf 90' lang='lat' dir='ltr'>Homerus</span> <span class='ocrx_word' id='word_1_205' title='bbox 1041 4125 1172 4178; x_wconf 81' lang='lat' dir='ltr'>Achillem</span> <span class='ocrx_word' id='word_1_206' title='bbox 1199 4125 1303 4178; x_wconf 90' lang='lat' dir='ltr'>inducit</span> 
     </span>
     <span class='ocr_line' id='line_1_23' title="bbox 124 4223 1302 4293; baseline -0.003 -14"><span class='ocrx_word' id='word_1_207' title='bbox 124 4230 206 4279; x_wconf 83' lang='lat' dir='ltr'>cantu</span> <span class='ocrx_word' id='word_1_208' title='bbox 226 4226 352 4279; x_wconf 84' lang='lat' dir='ltr'>solatium</span> <span class='ocrx_word' id='word_1_209' title='bbox 371 4227 422 4279; x_wconf 87' lang='lat' dir='ltr'>sibi</span> <span class='ocrx_word' id='word_1_210' title='bbox 435 4231 585 4293; x_wconf 85' lang='lat' dir='ltr'>parantem,</span> <span class='ocrx_word' id='word_1_211' title='bbox 599 4227 636 4279; x_wconf 88' lang='lat' dir='ltr'>sic</span> <span class='ocrx_word' id='word_1_212' title='bbox 656 4226 768 4279; x_wconf 84' lang='lat' dir='ltr'>iudicat:</span> <span class='ocrx_word' id='word_1_213' title='bbox 787 4226 902 4290; x_wconf 85' lang='grc' dir='ltr'>τοιαύτη</span> <span class='ocrx_word' id='word_1_214' title='bbox 923 4225 958 4290; x_wconf 87' lang='grc' dir='ltr'>ἢν</span> <span class='ocrx_word' id='word_1_215' title='bbox 971 4225 988 4289; x_wconf 85' lang='grc' dir='ltr'>ἡ</span> <span class='ocrx_word' id='word_1_216' title='bbox 1002 4224 1099 4289; x_wconf 79' lang='grc' dir='ltr'>ἀρχαία</span> <span class='ocrx_word' id='word_1_217' title='bbox 1119 4223 1237 4288; x_wconf 82' lang='grc' dir='ltr'>μουσικὴ</span> <span class='ocrx_word' id='word_1_218' title='bbox 1257 4223 1302 4276; x_wconf 81' lang='grc' dir='ltr'>καί</span> 
     </span>
     <span class='ocr_line' id='line_1_24' title="bbox 125 4322 412 4390; baseline 0.003 -14"><span class='ocrx_word' id='word_1_219' title='bbox 125 4322 163 4388; x_wconf 87' lang='grc' dir='ltr'>εἰς</span> <span class='ocrx_word' id='word_1_220' title='bbox 181 4328 266 4376; x_wconf 78' lang='grc' dir='ltr'>τοῦτο</span> <span class='ocrx_word' id='word_1_221' title='bbox 285 4323 412 4390; x_wconf 89' lang='grc' dir='ltr'>χρησίμη.</span> 
     </span>
    </p>
   </div>
   <div class='ocr_carea' id='block_1_4' title="bbox 0 0 1586 4942">
    <p class='ocr_par' dir='ltr' id='par_1_4' title="bbox 0 0 1586 4942">
     <span class='ocr_line' id='line_1_25' title="bbox 0 0 1586 4942; baseline 0 0"><span class='ocrx_word' id='word_1_222' title='bbox 0 0 1586 4942; x_wconf 95' lang='lat' dir='ltr'> </span> 
     </span>
    </p>
   </div>
  </div>
 </body>
</html>
