3159 4942
612 246 831 310 ..43-

133 443 275 510 vicarius
305 447 477 511 crescentis
506 447 659 511 frumenti
689 440 940 511 celebrabatur.¹
986 444 1175 511 Cantilenae
1197 445 1305 528 igitur,

133 589 209 634 cum
225 571 389 654 Lityersae
413 571 649 648 dedicarentur,
675 571 717 635 ab
740 570 795 634 illo
818 589 938 634 nomen
954 573 1174 653 sumpserunt.
1214 570 1306 648 Quae

134 714 208 758 eum
231 695 276 759 ita
297 695 370 773 sint,
395 695 569 761 credideris
592 694 626 759 in
648 694 779 778 lityersa
798 695 940 759 carmine
955 714 1012 759 eos
1027 694 1126 759 fuisse
1142 714 1304 773 numeros,

134 820 192 903 qui
213 839 396 885 messorum
419 820 489 903 ipsi⁴
502 820 607 884 labori
630 820 771 902 primum
795 819 941 902 adaptati
964 822 997 884 et
1018 820 1177 902 paulatim
1204 822 1305 886 etiam

135 945 170 1008 in
194 944 396 1009 caerimoniis
420 964 532 1010 eorum
555 945 704 1028 usurpati
726 948 846 1010 essent

223 1068 415 1134 Theocritus
430 1068 464 1132 in
480 1068 520 1133 X.
536 1068 583 1133 Id.
602 1068 677 1135 inde
694 1090 714 1133 a
730 1089 760 1134 ν.
776 1071 831 1134 uh.
847 1069 997 1153 lityersae
1021 1074 1214 1151 arginneuta
1236 1070 1307 1135 irni-

135 1195 198 1259 tari
221 1195 358 1259 videtur.
405 1192 505 1259 Cuius
528 1213 652 1272 versuS,
678 1214 880 1278 quamquam
910 1196 1071 1279 simplices
1101 1200 1134 1260 et
1163 1197 1305 1261 sinceros

133 1320 251 1385 modos
274 1340 341 1383 non
363 1319 531 1411 praebent,
556 1324 666 1386 tamen
689 1319 741 1384 hic
765 1323 967 1384 asserantur:

295 1498 444 1577 Δάματερ
468 1498 658 1576 πολύκαρπε,
682 1497 866 1577 πολύσταχυ
889 1501 986 1562 τοῦτο
1010 1499 1047 1561 τὸ
1071 1500 1150 1581 λᾷον

294 1622 425 1702 εὔεργάν
447 1622 475 1687 τ’
500 1621 544 1700 εἴη
568 1623 618 1685 καὶ
640 1621 795 1701 κάρπιμον
819 1621 886 1685 ὅττι
909 1622 1052 1699 μάλιστα.

296 1746 439 1826 σφίγγετ’
464 1744 668 1825 άμαλλοδέται
691 1748 730 1810 τά
753 1745 925 1825 δράγματα,
950 1749 988 1824 μὴ
1012 1747 1136 1826 παριών
1160 1768 1206 1825 τις

296 1870 386 1955 εἴπῃ·
411 1872 533 1936 σύκινοι
556 1870 679 1949 ἄνδρες,
703 1870 850 2001 ἀπώλετο
874 1869 989 1951 χοῦτος
1013 1871 1031 1935 ὁ
1055 1873 1181 1951 μισθός.

224 2071 273 2134 Ac
294 2071 361 2135 lino
384 2075 418 2135 et
443 2069 575 2165 lityersa
588 2050 591 2059 ¹
604 2072 751 2136 tractatis
778 2071 844 2136 iarn
873 2071 983 2154 imago
1011 2073 1175 2155 quaedam
1205 2073 1307 2155 respi-

134 2195 252 2261 cienda
274 2198 332 2272 est,
364 2214 449 2278 quae
471 2181 559 2278 pieta
581 2195 614 2259 in
638 2195 864 2278 antiquissimo
888 2215 966 2261 vase
989 2194 1113 2261 Cretico
1144 2197 1306 2262 invenitur

135 2319 297 2402 (Museum
330 2322 409 2385 tom.
446 2318 499 2383 IX.
535 2312 656 2403 [1905]
688 2321 761 2385 tab.
798 2316 863 2401 39).
921 2319 984 2384 Ubi
1021 2320 1112 2385 vides
1150 2341 1307 2403 pompam

133 2445 349 2528 agricolarum
373 2443 459 2507 funis
482 2444 516 2508 in
538 2442 669 2508 umeros
692 2444 784 2509 elatis
802 2446 853 2511 vel
876 2465 1021 2510 messum
1043 2445 1230 2510 exeuntium
1255 2447 1305 2512 vel

136 2571 223 2655 iacta
245 2590 350 2636 messe
374 2571 509 2635 domum
531 2570 772 2637 revertentium.
813 2569 876 2647 Qui
899 2571 1010 2634 oribus
1026 2573 1124 2635 cantu
1141 2572 1307 2636 hiantibus

133 2686 316 2780 rhythmice
346 2696 439 2779 gradi
469 2695 628 2760 videntur.
666 2694 774 2759 *Unde
802 2695 961 2778 intellegis
988 2716 1045 2761 eos
1077 2697 1143 2760 iam
1175 2698 1305 2761 novisse

134 2824 323 2901 cantilenas,
355 2843 495 2907 quarum
525 2843 626 2906 opera
654 2795 974 2886 molestiae‘itineris
1008 2823 1109 2887 levari
1144 2826 1305 2905 poterant.

134 2946 266 3025 Quare
290 2947 450 3012 Athenaei
474 2947 575 3013 verba
602 2947 686 3011 bene
716 2946 919 3011 illustrantur
947 2946 978 3029 (l.
997 2968 1021 3011 s.
1046 2969 1078 3031 p.
1096 2943 1217 3028 eloah
1256 2947 1307 3010 καὶ

134 3075 201 3135 τῶν
225 3075 399 3149 μισθωτῶν
423 3071 457 3134 δέ
479 3091 526 3148 τις
548 3069 587 3147 ἦν
618 3071 684 3154 ᾠδὴ
713 3074 780 3133 τῶν
811 3070 844 3146 ἐς
876 3069 995 3148 ἀγροὺς
1026 3072 1228 3149 φοιτώντων,
1260 3071 1307 3149 ὡς

134 3198 382 3276 Τηλεκλείδης
398 3197 498 3276 φησὶν
514 3196 548 3259 ἐν
564 3190 793 3274 Ἀμφικτύοσιν
803 3193 829 3276 (1
841 3196 986 3271 uland
996 3191 1058 3275 K).
1083 3195 1112 3258 Is
1125 3199 1234 3260 autem
1252 3186 1306 3278 qui

134 3324 168 3388 in
191 3325 305 3390 tabula
335 3324 389 3395 illa
413 3326 529 3388 ornata
552 3326 723 3405 praestans
747 3325 837 3387 veste
860 3325 984 3387 ceteros
1008 3323 1171 3388 antecedit
1196 3325 1305 3388 nescio

134 3450 240 3514 andis
263 3450 419 3529 fungatur
442 3448 564 3524 officiis,
590 3466 675 3529 quae
690 3447 856 3530 Lityersae
871 3466 1031 3529 personae
1055 3448 1212 3513 attributa
1234 3469 1306 3514 esse

134 3575 357 3656 cognovimus.
608 3559 612 3566 ’
767 3560 770 3563 “
1265 3650 1268 3655 ,

223 3699 432 3764 Rusticorum
466 3696 599 3761 canticis
627 3695 824 3774 ἐπιλήνιον
858 3696 1097 3761 annectendum
1126 3700 1185 3774 est,
1217 3697 1306 3780 quod

134 3823 386 3889 vindemiatores
402 3824 485 3888 inter
500 3842 581 3887 uvas
597 3822 793 3904 premendas
809 3842 925 3887 canere
941 3822 1099 3900 solebant,
1123 3823 1151 3887 si
1174 3822 1306 3905 quidem

137 3931 407 4015 Pollucis'huic
430 3947 614 4012 testimonio
644 3946 725 4011 fides
743 3932 896 4015 ,habetur
925 3944 989 4028 (IV,
1014 3942 1085 4028 Βάλε
1120 3946 1169 4009 καί
1198 3967 1227 4010 τι
1257 3946 1306 4009 καὶ

226 4109 235 4142 ¹
258 4106 286 4158 V.
301 4103 453 4157 Crucium
471 4103 488 4155 l.
502 4119 522 4155 s,
542 4102 648 4155 Similes
667 4102 848 4174 caerimoniae
867 4103 1034 4156 etiamnunc
1052 4101 1082 4155 in
1101 4102 1261 4157 Germaniae
1280 4105 1306 4154 ei

134 4202 260 4257 Austriae
285 4202 447 4271 quibusdam
472 4201 629 4268 regionibus
654 4200 841 4253 observantur.
896 4197 948 4253 Ubi
980 4197 1115 4265 Lityersae
1140 4197 1231 4250 locum
1257 4200 1307 4250 der

135 4300 270 4352 Koruolte
281 4298 397 4361 obtinet;
418 4297 451 4351 cf.
464 4298 673 4362 Mannhardl,
690 4298 803 4365 Mytbol.
817 4298 1020 4365 Formianum,
1036 4312 1062 4363 p.
1077 4296 1110 4348 18
1122 4310 1189 4362 sqq,
1206 4295 1242 4346 50
1248 4311 1306 4362 sqq.
