<?xml version="1.0" encoding="UTF-8"?>
<!DOCTYPE html PUBLIC "-//W3C//DTD XHTML 1.0 Transitional//EN"
    "http://www.w3.org/TR/xhtml1/DTD/xhtml1-transitional.dtd">
<html xmlns="http://www.w3.org/1999/xhtml" xml:lang="en" lang="en">
 <head>
  <title>
</title>
<meta http-equiv="Content-Type" content="text/html;charset=utf-8" />
  <meta name='ocr-system' content='tesseract 3.04.00' />
  <meta name='ocr-capabilities' content='ocr_page ocr_carea ocr_par ocr_line ocrx_word'/>
</head>
<body>
  <div class='ocr_page' id='page_1' title='image "./deoperariorumca00hinrgoog_0028.png"; bbox 0 0 3159 4942; ppageno 0'>
   <div class='ocr_carea' id='block_1_1' title="bbox 736 174 958 234">
    <p class='ocr_par' dir='ltr' id='par_1_1' title="bbox 736 174 958 234">
     <span class='ocr_line' id='line_1_1' title="bbox 736 174 958 234; baseline -0.005 -19"><span class='ocrx_word' id='word_1_1' title='bbox 736 174 958 234; x_wconf 63' lang='lat'>..22-</span> 
     </span>
    </p>
   </div>
   <div class='ocr_carea' id='block_1_2' title="bbox 263 367 1444 2436">
    <p class='ocr_par' dir='ltr' id='par_1_2' title="bbox 263 367 1444 2436">
     <span class='ocr_line' id='line_1_2' title="bbox 265 367 1444 454; baseline -0.003 -22"><span class='ocrx_word' id='word_1_2' title='bbox 265 369 318 433; x_wconf 88' lang='lat' dir='ltr'>Sic</span> <span class='ocrx_word' id='word_1_3' title='bbox 341 368 526 452; x_wconf 81' lang='lat' dir='ltr'>Tryphonis</span> <span class='ocrx_word' id='word_1_4' title='bbox 550 368 651 454; x_wconf 76' lang='lat' dir='ltr'>verba</span> <span class='ocrx_word' id='word_1_5' title='bbox 674 367 846 451; x_wconf 84' lang='lat' dir='ltr'>perspicua</span> <span class='ocrx_word' id='word_1_6' title='bbox 870 368 952 431; x_wconf 87' lang='lat' dir='ltr'>fiunt</span> <span class='ocrx_word' id='word_1_7' title='bbox 974 387 1081 448; x_wconf 87' lang='lat' dir='ltr'>neque</span> <span class='ocrx_word' id='word_1_8' title='bbox 1112 370 1298 433; x_wconf 84' lang='lat' dir='ltr'>contextum</span> <span class='ocrx_word' id='word_1_9' title='bbox 1325 386 1444 430; x_wconf 88' lang='lat' dir='ltr'>eorum</span> 
     </span>
     <span class='ocr_line' id='line_1_3' title="bbox 264 489 667 575; baseline -0.007 -17"><span class='ocrx_word' id='word_1_10' title='bbox 264 496 465 558; x_wconf 89' lang='lat' dir='ltr'>commutare</span> <span class='ocrx_word' id='word_1_11' title='bbox 488 513 571 575; x_wconf 89' lang='lat' dir='ltr'>opus</span> <span class='ocrx_word' id='word_1_12' title='bbox 593 489 667 556; x_wconf 87' lang='lat' dir='ltr'>est¹</span> 
     </span>
     <span class='ocr_line' id='line_1_4' title="bbox 353 613 1443 698; baseline -0.003 -18"><span class='ocrx_word' id='word_1_13' title='bbox 353 615 570 680; x_wconf 73' lang='lat' dir='ltr'>Intelleximus</span> <span class='ocrx_word' id='word_1_14' title='bbox 593 615 690 696; x_wconf 78' lang='lat' dir='ltr'>igitur</span> <span class='ocrx_word' id='word_1_15' title='bbox 713 613 804 698; x_wconf 86' lang='grc' dir='ltr'>ἱμαίιμ</span> <span class='ocrx_word' id='word_1_16' title='bbox 828 615 969 696; x_wconf 88' lang='lat' dir='ltr'>primum</span> <span class='ocrx_word' id='word_1_17' title='bbox 992 615 1071 679; x_wconf 89' lang='lat' dir='ltr'>nihil</span> <span class='ocrx_word' id='word_1_18' title='bbox 1100 616 1337 693; x_wconf 9' lang='lat' dir='ltr'>aliudndictum</span> <span class='ocrx_word' id='word_1_19' title='bbox 1366 635 1443 678; x_wconf 89' lang='lat' dir='ltr'>esse</span> 
     </span>
     <span class='ocr_line' id='line_1_5' title="bbox 264 739 1443 822; baseline -0.003 -17"><span class='ocrx_word' id='word_1_20' title='bbox 264 741 326 806; x_wconf 87' lang='lat' dir='ltr'>nisi</span> <span class='ocrx_word' id='word_1_21' title='bbox 362 745 559 822; x_wconf 88' lang='lat' dir='ltr'>aquatorum</span> <span class='ocrx_word' id='word_1_22' title='bbox 589 740 760 803; x_wconf 89' lang='lat' dir='ltr'>canticum.</span> <span class='ocrx_word' id='word_1_23' title='bbox 807 739 906 803; x_wconf 88' lang='lat' dir='ltr'>Cuius</span> <span class='ocrx_word' id='word_1_24' title='bbox 937 740 1052 804; x_wconf 84' lang='lat' dir='ltr'>cantici</span> <span class='ocrx_word' id='word_1_25' title='bbox 1082 741 1233 820; x_wconf 82' lang='lat' dir='ltr'>exiguam</span> <span class='ocrx_word' id='word_1_26' title='bbox 1263 740 1443 820; x_wconf 81' lang='lat' dir='ltr'>imaginem</span> 
     </span>
     <span class='ocr_line' id='line_1_6' title="bbox 265 864 1444 948; baseline 0 -19"><span class='ocrx_word' id='word_1_27' title='bbox 265 866 326 930; x_wconf 90' lang='lat' dir='ltr'>sibi</span> <span class='ocrx_word' id='word_1_28' title='bbox 360 869 498 948; x_wconf 88' lang='lat' dir='ltr'>possunt</span> <span class='ocrx_word' id='word_1_29' title='bbox 532 865 641 928; x_wconf 87' lang='lat' dir='ltr'>animo</span> <span class='ocrx_word' id='word_1_30' title='bbox 676 865 809 945; x_wconf 82' lang='lat' dir='ltr'>fingere,</span> <span class='ocrx_word' id='word_1_31' title='bbox 846 865 901 946; x_wconf 89' lang='lat' dir='ltr'>qui</span> <span class='ocrx_word' id='word_1_32' title='bbox 931 864 1206 946; x_wconf 73' lang='lat' dir='ltr'>Aristophanis</span> <span class='ocrx_word' id='word_1_33' title='bbox 1240 865 1444 930; x_wconf 88' lang='lat' dir='ltr'>Ranarum</span> 
     </span>
     <span class='ocr_line' id='line_1_7' title="bbox 265 988 1444 1072; baseline -0.002 -18"><span class='ocrx_word' id='word_1_34' title='bbox 265 991 449 1072; x_wconf 84' lang='lat' dir='ltr'>diligentius</span> <span class='ocrx_word' id='word_1_35' title='bbox 471 990 683 1072; x_wconf 86' lang='lat' dir='ltr'>inspexerunt</span> <span class='ocrx_word' id='word_1_36' title='bbox 705 1009 819 1052; x_wconf 85' lang='lat' dir='ltr'>versus</span> <span class='ocrx_word' id='word_1_37' title='bbox 849 988 924 1052; x_wconf 88' lang='lat' dir='ltr'>inde</span> <span class='ocrx_word' id='word_1_38' title='bbox 953 1010 972 1051; x_wconf 99' lang='lat' dir='ltr'>a</span> <span class='ocrx_word' id='word_1_39' title='bbox 1000 989 1094 1054; x_wconf 66' lang='lat'><strong>1285.</strong></span> <span class='ocrx_word' id='word_1_40' title='bbox 1142 988 1214 1066; x_wconf 86' lang='lat' dir='ltr'>Quo</span> <span class='ocrx_word' id='word_1_41' title='bbox 1244 990 1316 1052; x_wconf 91' lang='lat' dir='ltr'>loco</span> <span class='ocrx_word' id='word_1_42' title='bbox 1347 990 1444 1053; x_wconf 85' lang='lat' dir='ltr'>Euri-</span> 
     </span>
     <span class='ocr_line' id='line_1_8' title="bbox 263 1114 1386 1198; baseline -0.003 -20"><span class='ocrx_word' id='word_1_43' title='bbox 263 1116 355 1197; x_wconf 84' lang='lat' dir='ltr'>pides</span> <span class='ocrx_word' id='word_1_44' title='bbox 379 1115 596 1198; x_wconf 82' lang='lat' dir='ltr'>Aeschyleum</span> <span class='ocrx_word' id='word_1_45' title='bbox 619 1115 756 1178; x_wconf 87' lang='lat' dir='ltr'>canendi</span> <span class='ocrx_word' id='word_1_46' title='bbox 780 1116 928 1177; x_wconf 90' lang='lat' dir='ltr'>tenorem</span> <span class='ocrx_word' id='word_1_47' title='bbox 951 1114 985 1176; x_wconf 92' lang='lat' dir='ltr'>in</span> <span class='ocrx_word' id='word_1_48' title='bbox 1007 1115 1182 1177; x_wconf 82' lang='lat' dir='ltr'>ludibrium</span> <span class='ocrx_word' id='word_1_49' title='bbox 1205 1117 1302 1178; x_wconf 81' lang='lat' dir='ltr'>vertit</span> <span class='ocrx_word' id='word_1_50' title='bbox 1325 1114 1386 1178; x_wconf 88' lang='lat' dir='ltr'>sic:</span> 
     </span>
     <span class='ocr_line' id='line_1_9' title="bbox 370 1232 1236 1319; baseline 0 -17"><span class='ocrx_word' id='word_1_51' title='bbox 370 1238 461 1317; x_wconf 85' lang='grc' dir='ltr'>ὅπως</span> <span class='ocrx_word' id='word_1_52' title='bbox 484 1232 620 1319; x_wconf 80' lang='grc' dir='ltr'>Ἀχαιῶν</span> <span class='ocrx_word' id='word_1_53' title='bbox 644 1238 797 1315; x_wconf 75' lang='grc' dir='ltr'>δίθρονον</span> <span class='ocrx_word' id='word_1_54' title='bbox 821 1237 947 1315; x_wconf 87' lang='grc' dir='ltr'>κράτος,</span> <span class='ocrx_word' id='word_1_55' title='bbox 974 1233 1125 1315; x_wconf 79' lang='grc' dir='ltr'>Ἑλλάδος</span> <span class='ocrx_word' id='word_1_56' title='bbox 1148 1239 1236 1316; x_wconf 86' lang='grc' dir='ltr'><strong>ἥβας.</strong></span> 
     </span>
     <span class='ocr_line' id='line_1_10' title="bbox 416 1365 919 1442; baseline -0.004 -15"><span class='ocrx_word' id='word_1_57' title='bbox 416 1365 919 1442; x_wconf 88' lang='grc' dir='ltr'>τοφλαττοθραττοφλαττοθρατ.</span> 
     </span>
     <span class='ocr_line' id='line_1_11' title="bbox 374 1456 1135 1569; baseline -0.004 -16"><span class='ocrx_word' id='word_1_58' title='bbox 374 1490 499 1569; x_wconf 85' lang='grc' dir='ltr'>Σφίγγα</span> <span class='ocrx_word' id='word_1_59' title='bbox 522 1491 713 1566; x_wconf 81' lang='grc' dir='ltr'>δυσαμεριᾶν</span> <span class='ocrx_word' id='word_1_60' title='bbox 737 1456 890 1566; x_wconf 80' lang='grc' dir='ltr'>ττρύτανιν</span> <span class='ocrx_word' id='word_1_61' title='bbox 914 1487 992 1550; x_wconf 88' lang='grc' dir='ltr'>κύνα</span> <span class='ocrx_word' id='word_1_62' title='bbox 1015 1488 1135 1565; x_wconf 88' lang='grc' dir='ltr'>πέμπει.</span> 
     </span>
     <span class='ocr_line' id='line_1_12' title="bbox 417 1614 921 1690; baseline -0.002 -15"><span class='ocrx_word' id='word_1_63' title='bbox 417 1614 921 1690; x_wconf 85' lang='grc' dir='ltr'>τοφλαττοθραττοφλαττοθρατ.</span> 
     </span>
     <span class='ocr_line' id='line_1_13' title="bbox 317 1733 1137 1815; baseline -0.002 -16"><span class='ocrx_word' id='word_1_64' title='bbox 317 1777 321 1782; x_wconf 32' lang='lat'><strong>¹</strong></span> <span class='ocrx_word' id='word_1_65' title='bbox 373 1737 435 1799; x_wconf 87' lang='grc' dir='ltr'>σὺν</span> <span class='ocrx_word' id='word_1_66' title='bbox 458 1735 527 1813; x_wconf 86' lang='grc' dir='ltr'>δορὶ</span> <span class='ocrx_word' id='word_1_67' title='bbox 550 1735 599 1797; x_wconf 88' lang='grc' dir='ltr'>καὶ</span> <span class='ocrx_word' id='word_1_68' title='bbox 622 1736 686 1815; x_wconf 86' lang='grc' dir='ltr'>χερὶ</span> <span class='ocrx_word' id='word_1_69' title='bbox 708 1734 861 1813; x_wconf 85' lang='grc' dir='ltr'>πράκτορι</span> <span class='ocrx_word' id='word_1_70' title='bbox 884 1735 1017 1813; x_wconf 82' lang='grc' dir='ltr'>θούριος</span> <span class='ocrx_word' id='word_1_71' title='bbox 1041 1733 1137 1813; x_wconf 88' lang='grc' dir='ltr'>ὄρνις.</span> 
     </span>
     <span class='ocr_line' id='line_1_14' title="bbox 417 1862 922 1940; baseline -0.002 -15"><span class='ocrx_word' id='word_1_72' title='bbox 417 1862 922 1940; x_wconf 88' lang='grc' dir='ltr'>τοφλαττοθραττοφλαττοθρατ.</span> 
     </span>
     <span class='ocr_line' id='line_1_15' title="bbox 373 1983 1171 2065; baseline -0.003 -14"><span class='ocrx_word' id='word_1_73' title='bbox 373 1989 477 2065; x_wconf 84' lang='grc' dir='ltr'>κυρεῖν</span> <span class='ocrx_word' id='word_1_74' title='bbox 500 1987 676 2064; x_wconf 87' lang='grc' dir='ltr'>παρασχὼν</span> <span class='ocrx_word' id='word_1_75' title='bbox 701 1983 821 2063; x_wconf 85' lang='grc' dir='ltr'>ἰταμαῖς</span> <span class='ocrx_word' id='word_1_76' title='bbox 843 1985 935 2049; x_wconf 91' lang='grc' dir='ltr'>κυσὶν</span> <span class='ocrx_word' id='word_1_77' title='bbox 958 1985 1171 2065; x_wconf 86' lang='grc' dir='ltr'>ἀεροφοίτοις.</span> 
     </span>
     <span class='ocr_line' id='line_1_16' title="bbox 416 2110 920 2188; baseline -0.008 -14"><span class='ocrx_word' id='word_1_78' title='bbox 416 2110 920 2188; x_wconf 88' lang='grc' dir='ltr'>τοφλαττοθραττοφλαττοθρατ.</span> 
     </span>
     <span class='ocr_line' id='line_1_17' title="bbox 371 2228 808 2311; baseline -0.009 -12"><span class='ocrx_word' id='word_1_79' title='bbox 371 2237 409 2300; x_wconf 91' lang='grc' dir='ltr'>τὸ</span> <span class='ocrx_word' id='word_1_80' title='bbox 433 2236 596 2311; x_wconf 83' lang='grc' dir='ltr'>συγκλινές</span> <span class='ocrx_word' id='word_1_81' title='bbox 618 2228 668 2296; x_wconf 74' lang='grc' dir='ltr'>ἐπ’</span> <span class='ocrx_word' id='word_1_82' title='bbox 693 2231 808 2297; x_wconf 84' lang='grc' dir='ltr'>Αἴαντι.</span> 
     </span>
     <span class='ocr_line' id='line_1_18' title="bbox 416 2358 928 2436; baseline -0.01 -14"><span class='ocrx_word' id='word_1_83' title='bbox 416 2358 928 2436; x_wconf 89' lang='grc' dir='ltr'>τοφλαττοθραττοφλαττοθρατ;</span> 
     </span>
    </p>
   </div>
   <div class='ocr_carea' id='block_1_3' title="bbox 265 2498 1441 3951">
    <p class='ocr_par' dir='ltr' id='par_1_3' title="bbox 355 2498 1439 2582">
     <span class='ocr_line' id='line_1_19' title="bbox 355 2498 1439 2582; baseline -0.006 -17"><span class='ocrx_word' id='word_1_84' title='bbox 355 2501 479 2580; x_wconf 86' lang='lat' dir='ltr'>Quibus</span> <span class='ocrx_word' id='word_1_85' title='bbox 510 2500 617 2564; x_wconf 85' lang='lat' dir='ltr'>verbis</span> <span class='ocrx_word' id='word_1_86' title='bbox 644 2498 805 2563; x_wconf 83' lang='lat' dir='ltr'>exauditis</span> <span class='ocrx_word' id='word_1_87' title='bbox 827 2498 990 2582; x_wconf 89' lang='lat' dir='ltr'>Dionysus</span> <span class='ocrx_word' id='word_1_88' title='bbox 1021 2499 1218 2582; x_wconf 80' lang='lat' dir='ltr'>Aeschylum</span> <span class='ocrx_word' id='word_1_89' title='bbox 1245 2499 1439 2579; x_wconf 82' lang='lat' dir='ltr'>interrogat:</span> 
     </span>
    </p>

    <p class='ocr_par' dir='ltr' id='par_1_4' title="bbox 371 2617 1247 2703">
     <span class='ocr_line' id='line_1_20' title="bbox 371 2617 1247 2703; baseline -0.001 -14"><span class='ocrx_word' id='word_1_90' title='bbox 371 2625 401 2689; x_wconf 90' lang='grc' dir='ltr'>τί</span> <span class='ocrx_word' id='word_1_91' title='bbox 422 2627 670 2703; x_wconf 81' lang='grc' dir='ltr'>τοφλαττοθρατ</span> <span class='ocrx_word' id='word_1_92' title='bbox 692 2617 780 2686; x_wconf 73' lang='grc' dir='ltr'>τοῦτ’</span> <span class='ocrx_word' id='word_1_93' title='bbox 804 2622 906 2699; x_wconf 84' lang='grc' dir='ltr'>ἐστίν;</span> <span class='ocrx_word' id='word_1_94' title='bbox 930 2623 964 2686; x_wconf 84' lang='grc' dir='ltr'>ἐκ</span> <span class='ocrx_word' id='word_1_95' title='bbox 988 2624 1204 2701; x_wconf 85' lang='grc' dir='ltr'>Μαραθῶνος,</span> <span class='ocrx_word' id='word_1_96' title='bbox 1228 2625 1247 2700; x_wconf 85' lang='grc' dir='ltr'>ἢ</span> 
     </span>
    </p>

    <p class='ocr_par' dir='ltr' id='par_1_5' title="bbox 373 2746 1062 2826">
     <span class='ocr_line' id='line_1_21' title="bbox 373 2746 1062 2826; baseline -0.003 -14"><span class='ocrx_word' id='word_1_97' title='bbox 373 2748 476 2812; x_wconf 88' lang='grc' dir='ltr'>πόθεν</span> <span class='ocrx_word' id='word_1_98' title='bbox 501 2750 670 2826; x_wconf 77' lang='grc' dir='ltr'>συνέλεξας</span> <span class='ocrx_word' id='word_1_99' title='bbox 693 2746 946 2825; x_wconf 87' lang='grc' dir='ltr'>ἱμονιοστρόφου</span> <span class='ocrx_word' id='word_1_100' title='bbox 970 2748 1062 2826; x_wconf 88' lang='grc' dir='ltr'>μέλη;</span> 
     </span>
    </p>

    <p class='ocr_par' dir='ltr' id='par_1_6' title="bbox 265 2873 1441 3951">
     <span class='ocr_line' id='line_1_22' title="bbox 358 2873 1441 2953; baseline -0.003 -14"><span class='ocrx_word' id='word_1_101' title='bbox 358 2876 448 2953; x_wconf 87' lang='lat' dir='ltr'>Quos</span> <span class='ocrx_word' id='word_1_102' title='bbox 472 2876 515 2938; x_wconf 89' lang='lat' dir='ltr'>ad</span> <span class='ocrx_word' id='word_1_103' title='bbox 531 2893 644 2937; x_wconf 86' lang='lat' dir='ltr'>versus</span> <span class='ocrx_word' id='word_1_104' title='bbox 667 2893 688 2936; x_wconf 90' lang='lat' dir='ltr'>a</span> <span class='ocrx_word' id='word_1_105' title='bbox 710 2873 886 2937; x_wconf 78' lang='lat' dir='ltr'>scholiasta</span> <span class='ocrx_word' id='word_1_106' title='bbox 908 2873 990 2942; x_wconf 90' lang='lat' dir='ltr'>haec</span> <span class='ocrx_word' id='word_1_107' title='bbox 1014 2877 1172 2937; x_wconf 85' lang='lat' dir='ltr'>annotata</span> <span class='ocrx_word' id='word_1_108' title='bbox 1201 2878 1290 2937; x_wconf 90' lang='lat' dir='ltr'>sunt:</span> <span class='ocrx_word' id='word_1_109' title='bbox 1323 2874 1441 2951; x_wconf 85' lang='grc' dir='ltr'>ἱμονιο-</span> 
     </span>
     <span class='ocr_line' id='line_1_23' title="bbox 267 2995 1441 3076; baseline 0 -14"><span class='ocrx_word' id='word_1_110' title='bbox 267 2998 435 3076; x_wconf 75' lang='grc' dir='ltr'>στρόφου</span> <span class='ocrx_word' id='word_1_111' title='bbox 487 2995 556 3060; x_wconf 88' lang='grc' dir='ltr'>οῖον</span> <span class='ocrx_word' id='word_1_112' title='bbox 599 2996 873 3075; x_wconf 88' lang='grc' dir='ltr'>σχοινιοστρόφου</span> <span class='ocrx_word' id='word_1_113' title='bbox 915 2997 988 3073; x_wconf 92' lang='grc' dir='ltr'>μέλη</span> <span class='ocrx_word' id='word_1_114' title='bbox 1024 2996 1044 3058; x_wconf 87' lang='grc' dir='ltr'>ἃ</span> <span class='ocrx_word' id='word_1_115' title='bbox 1083 2995 1166 3074; x_wconf 85' lang='grc' dir='ltr'>εἰκὸς</span> <span class='ocrx_word' id='word_1_116' title='bbox 1200 2997 1300 3075; x_wconf 87' lang='grc' dir='ltr'>ἄνδρα</span> <span class='ocrx_word' id='word_1_117' title='bbox 1338 2997 1441 3062; x_wconf 78' lang='grc' dir='ltr'>ὕδατα</span> 
     </span>
     <span class='ocr_line' id='line_1_24' title="bbox 265 3119 1440 3204; baseline -0.001 -17"><span class='ocrx_word' id='word_1_118' title='bbox 265 3122 444 3202; x_wconf 86' lang='grc' dir='ltr'>ἀρυόμενον</span> <span class='ocrx_word' id='word_1_119' title='bbox 488 3120 582 3204; x_wconf 83' lang='grc' dir='ltr'>ᾄδειν.</span> <span class='ocrx_word' id='word_1_120' title='bbox 645 3119 748 3198; x_wconf 87' lang='grc' dir='ltr'>ῖμονιά</span> <span class='ocrx_word' id='word_1_121' title='bbox 783 3121 843 3198; x_wconf 87' lang='grc' dir='ltr'>γὰρ</span> <span class='ocrx_word' id='word_1_122' title='bbox 883 3122 1016 3183; x_wconf 88' lang='grc' dir='ltr'>καλεῖται</span> <span class='ocrx_word' id='word_1_123' title='bbox 1050 3121 1087 3183; x_wconf 89' lang='grc' dir='ltr'>τὸ</span> <span class='ocrx_word' id='word_1_124' title='bbox 1129 3125 1195 3185; x_wconf 84' lang='grc' dir='ltr'>τῶν</span> <span class='ocrx_word' id='word_1_125' title='bbox 1233 3121 1440 3202; x_wconf 88' lang='grc' dir='ltr'>ἀντλημάτιυν</span> 
     </span>
     <span class='ocr_line' id='line_1_25' title="bbox 268 3243 1441 3326; baseline 0.002 -15"><span class='ocrx_word' id='word_1_126' title='bbox 268 3245 420 3326; x_wconf 88' lang='grc' dir='ltr'>σχοινίον,</span> <span class='ocrx_word' id='word_1_127' title='bbox 457 3246 507 3308; x_wconf 88' lang='grc' dir='ltr'>καὶ</span> <span class='ocrx_word' id='word_1_128' title='bbox 540 3244 578 3307; x_wconf 87' lang='grc' dir='ltr'>τὸ</span> <span class='ocrx_word' id='word_1_129' title='bbox 604 3244 700 3326; x_wconf 74' lang='grc' dir='ltr'>ᾆσμα,</span> <span class='ocrx_word' id='word_1_130' title='bbox 735 3243 753 3306; x_wconf 86' lang='grc' dir='ltr'><strong>ὃ</strong></span> <span class='ocrx_word' id='word_1_131' title='bbox 781 3243 915 3325; x_wconf 82' lang='grc' dir='ltr'>ᾄδουσιν</span> <span class='ocrx_word' id='word_1_132' title='bbox 942 3243 972 3306; x_wconf 92' lang='grc' dir='ltr'>οῖ</span> <span class='ocrx_word' id='word_1_133' title='bbox 993 3243 1147 3322; x_wconf 87' lang='grc' dir='ltr'>ἀντληταί,</span> <span class='ocrx_word' id='word_1_134' title='bbox 1179 3245 1290 3323; x_wconf 86' lang='grc' dir='ltr'>ῖμαῖον.</span> <span class='ocrx_word' id='word_1_135' title='bbox 1338 3249 1441 3313; x_wconf 90' lang='lat' dir='ltr'>Scho-</span> 
     </span>
     <span class='ocr_line' id='line_1_26' title="bbox 265 3355 1439 3453; baseline 0.001 -17"><span class='ocrx_word' id='word_1_136' title='bbox 265 3372 395 3436; x_wconf 90' lang='lat' dir='ltr'>liastam</span> <span class='ocrx_word' id='word_1_137' title='bbox 426 3373 479 3436; x_wconf 90' lang='lat' dir='ltr'>hic</span> <span class='ocrx_word' id='word_1_138' title='bbox 517 3375 714 3453; x_wconf 78' lang='lat' dir='ltr'>aquatorum</span> <span class='ocrx_word' id='word_1_139' title='bbox 745 3370 925 3434; x_wconf 82' lang='lat' dir='ltr'>cantilenae</span> <span class='ocrx_word' id='word_1_140' title='bbox 956 3372 1147 3435; x_wconf 89' lang='lat' dir='ltr'>memoriam</span> <span class='ocrx_word' id='word_1_141' title='bbox 1176 3373 1262 3436; x_wconf 92' lang='lat' dir='ltr'>male</span> <span class='ocrx_word' id='word_1_142' title='bbox 1294 3355 1439 3438; x_wconf 82' lang='lat' dir='ltr'>attulisse</span> 
     </span>
     <span class='ocr_line' id='line_1_27' title="bbox 266 3493 1438 3579; baseline 0.002 -19"><span class='ocrx_word' id='word_1_143' title='bbox 266 3498 482 3561; x_wconf 86' lang='lat' dir='ltr'>Fritschius</span> <span class='ocrx_word' id='word_1_144' title='bbox 499 3499 609 3561; x_wconf 89' lang='lat' dir='ltr'>censet</span> <span class='ocrx_word' id='word_1_145' title='bbox 625 3493 809 3577; x_wconf 83' lang='lat' dir='ltr'>(comment.</span> <span class='ocrx_word' id='word_1_146' title='bbox 827 3498 870 3561; x_wconf 90' lang='lat' dir='ltr'>ad</span> <span class='ocrx_word' id='word_1_147' title='bbox 887 3497 1050 3578; x_wconf 90' lang='lat' dir='ltr'>Aristoph.</span> <span class='ocrx_word' id='word_1_148' title='bbox 1069 3497 1165 3572; x_wconf 78' lang='lat' dir='ltr'>Ram,</span> <span class='ocrx_word' id='word_1_149' title='bbox 1183 3518 1213 3577; x_wconf 90' lang='lat' dir='ltr'>p.</span> <span class='ocrx_word' id='word_1_150' title='bbox 1234 3494 1321 3579; x_wconf 69' lang='lat'><strong>392).</strong></span> <span class='ocrx_word' id='word_1_151' title='bbox 1354 3498 1438 3562; x_wconf 88' lang='lat' dir='ltr'>Nam</span> 
     </span>
     <span class='ocr_line' id='line_1_28' title="bbox 266 3620 1440 3711; baseline 0.001 -25"><span class='ocrx_word' id='word_1_152' title='bbox 266 3642 340 3686; x_wconf 90' lang='lat' dir='ltr'>cum</span> <span class='ocrx_word' id='word_1_153' title='bbox 364 3620 616 3698; x_wconf 87' lang='grc' dir='ltr'>ῖμονιοστρὸφος</span> <span class='ocrx_word' id='word_1_154' title='bbox 640 3641 743 3711; x_wconf 86' lang='lat' dir='ltr'>aeque</span> <span class='ocrx_word' id='word_1_155' title='bbox 772 3642 810 3685; x_wconf 90' lang='lat' dir='ltr'>ac</span> <span class='ocrx_word' id='word_1_156' title='bbox 835 3620 1107 3701; x_wconf 88' lang='grc' dir='ltr'>σχοινιοστρόφος</span> <span class='ocrx_word' id='word_1_157' title='bbox 1136 3622 1311 3685; x_wconf 88' lang='lat' dir='ltr'>restionem</span> <span class='ocrx_word' id='word_1_158' title='bbox 1340 3624 1440 3704; x_wconf 84' lang='lat' dir='ltr'>signi-</span> 
     </span>
     <span class='ocr_line' id='line_1_29' title="bbox 265 3743 1438 3828; baseline 0.002 -19"><span class='ocrx_word' id='word_1_159' title='bbox 265 3746 387 3822; x_wconf 85' lang='lat' dir='ltr'>ficaret,</span> <span class='ocrx_word' id='word_1_160' title='bbox 412 3744 666 3825; x_wconf 88' lang='lat' dir='ltr'>Aristophanem</span> <span class='ocrx_word' id='word_1_161' title='bbox 695 3744 841 3808; x_wconf 87' lang='lat' dir='ltr'>allusisse</span> <span class='ocrx_word' id='word_1_162' title='bbox 872 3745 915 3809; x_wconf 91' lang='lat' dir='ltr'>ad</span> <span class='ocrx_word' id='word_1_163' title='bbox 944 3743 1082 3809; x_wconf 86' lang='lat' dir='ltr'>restiarii</span> <span class='ocrx_word' id='word_1_164' title='bbox 1112 3745 1299 3822; x_wconf 83' lang='lat' dir='ltr'>cantilenas,</span> <span class='ocrx_word' id='word_1_165' title='bbox 1335 3767 1438 3828; x_wconf 78' lang='lat' dir='ltr'>„quae</span> 
     </span>
     <span class='ocr_line' id='line_1_30' title="bbox 265 3868 1438 3951; baseline 0.001 -18"><span class='ocrx_word' id='word_1_166' title='bbox 265 3869 382 3933; x_wconf 92' lang='lat' dir='ltr'>sinon</span> <span class='ocrx_word' id='word_1_167' title='bbox 404 3869 512 3932; x_wconf 89' lang='lat' dir='ltr'>minus</span> <span class='ocrx_word' id='word_1_168' title='bbox 536 3868 653 3949; x_wconf 83' lang='lat' dir='ltr'>longae</span> <span class='ocrx_word' id='word_1_169' title='bbox 676 3873 785 3932; x_wconf 87' lang='lat' dir='ltr'>essent</span> <span class='ocrx_word' id='word_1_170' title='bbox 809 3868 940 3932; x_wconf 83' lang='lat' dir='ltr'>funibus</span> <span class='ocrx_word' id='word_1_171' title='bbox 955 3869 1042 3950; x_wconf 73' lang='lat' dir='ltr'>ipsis</span> <span class='ocrx_word' id='word_1_172' title='bbox 1068 3887 1150 3950; x_wconf 88' lang='lat' dir='ltr'>quos</span> <span class='ocrx_word' id='word_1_173' title='bbox 1166 3872 1339 3951; x_wconf 86' lang='lat' dir='ltr'>torqueret,</span> <span class='ocrx_word' id='word_1_174' title='bbox 1366 3890 1438 3934; x_wconf 89' lang='lat' dir='ltr'>cum</span> 
     </span>
    </p>
   </div>
   <div class='ocr_carea' id='block_1_4' title="bbox 265 4042 1439 4308">
    <p class='ocr_par' dir='ltr' id='par_1_7' title="bbox 265 4042 1439 4308">
     <span class='ocr_line' id='line_1_31' title="bbox 358 4042 1437 4111; baseline 0.002 -15"><span class='ocrx_word' id='word_1_175' title='bbox 358 4043 465 4098; x_wconf 87' lang='lat' dir='ltr'>¹Velut</span> <span class='ocrx_word' id='word_1_176' title='bbox 493 4043 644 4106; x_wconf 89' lang='lat' dir='ltr'>Koester,</span> <span class='ocrx_word' id='word_1_177' title='bbox 678 4044 716 4096; x_wconf 88' lang='lat' dir='ltr'>De</span> <span class='ocrx_word' id='word_1_178' title='bbox 744 4042 887 4096; x_wconf 87' lang='lat' dir='ltr'>cantilenis</span> <span class='ocrx_word' id='word_1_179' title='bbox 913 4043 1088 4111; x_wconf 84' lang='lat' dir='ltr'>popularibus</span> <span class='ocrx_word' id='word_1_180' title='bbox 1116 4048 1238 4097; x_wconf 85' lang='lat' dir='ltr'>veterum</span> <span class='ocrx_word' id='word_1_181' title='bbox 1266 4045 1437 4108; x_wconf 76' lang='lat' dir='ltr'>Graecorum,</span> 
     </span>
     <span class='ocr_line' id='line_1_32' title="bbox 266 4139 1439 4208; baseline 0 -12"><span class='ocrx_word' id='word_1_182' title='bbox 266 4143 329 4197; x_wconf 86' lang='lat' dir='ltr'>diss.</span> <span class='ocrx_word' id='word_1_183' title='bbox 342 4140 429 4194; x_wconf 89' lang='lat' dir='ltr'>Berol.</span> <span class='ocrx_word' id='word_1_184' title='bbox 452 4139 528 4203; x_wconf 86' lang='lat'>1831,</span> <span class='ocrx_word' id='word_1_185' title='bbox 548 4157 572 4208; x_wconf 92' lang='grc' dir='ltr'>ρ.</span> <span class='ocrx_word' id='word_1_186' title='bbox 587 4140 630 4204; x_wconf 89' lang='grc'>81,</span> <span class='ocrx_word' id='word_1_187' title='bbox 650 4139 758 4194; x_wconf 86' lang='lat' dir='ltr'>volebat</span> <span class='ocrx_word' id='word_1_188' title='bbox 775 4140 908 4196; x_wconf 88' lang='lat' dir='ltr'>scribens:</span> <span class='ocrx_word' id='word_1_189' title='bbox 928 4139 1016 4206; x_wconf 80' lang='grc' dir='ltr'>ἱμαῖος</span> <span class='ocrx_word' id='word_1_190' title='bbox 1035 4140 1077 4193; x_wconf 90' lang='grc' dir='ltr'>καὶ</span> <span class='ocrx_word' id='word_1_191' title='bbox 1097 4140 1200 4207; x_wconf 80' lang='grc' dir='ltr'>ίμαλιος</span> <span class='ocrx_word' id='word_1_192' title='bbox 1219 4143 1383 4208; x_wconf 84' lang='grc' dir='ltr'>καλουμένη,</span> <span class='ocrx_word' id='word_1_193' title='bbox 1403 4143 1439 4206; x_wconf 91' lang='grc' dir='ltr'>ἣν</span> 
     </span>
     <span class='ocr_line' id='line_1_33' title="bbox 265 4238 656 4308; baseline -0.005 -14"><span class='ocrx_word' id='word_1_194' title='bbox 265 4240 340 4306; x_wconf 85' lang='grc' dir='ltr'>παρὰ</span> <span class='ocrx_word' id='word_1_195' title='bbox 357 4239 424 4306; x_wconf 86' lang='grc' dir='ltr'>τοὺς</span> <span class='ocrx_word' id='word_1_196' title='bbox 443 4238 558 4304; x_wconf 79' lang='grc' dir='ltr'>ἀλέτους</span> <span class='ocrx_word' id='word_1_197' title='bbox 576 4238 656 4308; x_wconf 77' lang='grc' dir='ltr'>ᾖδον.</span> 
     </span>
    </p>
   </div>
   <div class='ocr_carea' id='block_1_5' title="bbox 1561 416 1563 1423">
    <p class='ocr_par' dir='ltr' id='par_1_8' title="bbox 1561 416 1563 1423">
     <span class='ocr_line' id='line_1_34' title="bbox 1561 416 1563 559; baseline 0 0"><span class='ocrx_word' id='word_1_198' title='bbox 1561 416 1563 559; x_wconf 85' lang='grc' dir='ltr'>ί</span> 
     </span>
     <span class='ocr_line' id='line_1_35' title="bbox 1561 654 1563 765; baseline 0 0"><span class='ocrx_word' id='word_1_199' title='bbox 1561 654 1563 765; x_wconf 93' lang='lat' dir='ltr'>l</span> 
     </span>
     <span class='ocr_line' id='line_1_36' title="bbox 1561 1338 1562 1423; baseline 0 -13"><span class='ocrx_word' id='word_1_200' title='bbox 1561 1338 1562 1423; x_wconf 81' lang='lat' dir='ltr'>l</span> 
     </span>
    </p>
   </div>
   <div class='ocr_carea' id='block_1_6' title="bbox 1561 1620 1563 1935">
    <p class='ocr_par' dir='ltr' id='par_1_9' title="bbox 1561 1620 1563 1935">
     <span class='ocr_line' id='line_1_37' title="bbox 1561 1620 1563 1709; baseline 0 0"><span class='ocrx_word' id='word_1_201' title='bbox 1561 1620 1563 1709; x_wconf 83' lang='lat' dir='ltr'>l</span> 
     </span>
     <span class='ocr_line' id='line_1_38' title="bbox 1561 1828 1563 1935; baseline 0 0"><span class='ocrx_word' id='word_1_202' title='bbox 1561 1828 1563 1935; x_wconf 93' lang='lat' dir='ltr'>l</span> 
     </span>
    </p>
   </div>
   <div class='ocr_carea' id='block_1_7' title="bbox 0 0 1584 4942">
    <p class='ocr_par' dir='ltr' id='par_1_10' title="bbox 0 0 1584 4942">
     <span class='ocr_line' id='line_1_39' title="bbox 0 0 1584 4942; baseline 0 0"><span class='ocrx_word' id='word_1_203' title='bbox 0 0 1584 4942; x_wconf 95' lang='lat' dir='ltr'> </span> 
     </span>
    </p>
   </div>
  </div>
 </body>
</html>
