3159 4942
782 244 1000 308 ..34-

306 444 464 509 calarie
498 445 596 525 igitur
628 445 692 509 hae
724 464 822 509 voces
853 444 1069 527 ponebantur.
1115 426 1331 509 Intercalares
1362 443 1485 508 scilicet

305 569 432 633 numeri
447 568 645 652 simplicibus
661 570 694 632 et
709 570 913 633 naturalibus
928 570 1096 634 vocabulis
1111 570 1229 634 iterum
1246 572 1346 653 atque
1361 570 1482 633 iterum

305 694 476 759 clamitatis
498 695 749 778 nonnumquam
764 694 882 758 exoriri
896 695 1011 759 solent.
1057 694 1171 777 ltaque
1186 695 1294 759 verbis
1316 693 1406 770 λίνος
1429 693 1483 756 vel

304 817 422 896 αἴλινος
456 822 627 902 tamquam
656 820 741 883 natis
771 839 812 884 ex
840 820 969 884 incertis
999 800 1225 884 conclamandi
1254 819 1390 883 vocibus
1420 837 1482 882 eae

304 940 484 1009 cantilenae
507 943 681 1025 significari
703 947 866 1026 poterant,
890 963 976 1026 quae
998 943 1060 1007 illis
1075 942 1364 1008 exclamationibus
1379 944 1483 1008 inter-

304 1053 421 1133 calarie
444 1070 580 1133 ornatae
603 1071 706 1131 erant.

341 1206 368 1229 ·“
392 1194 494 1276 Atqui
517 1194 636 1257 scimus
659 1194 693 1257 in
714 1193 912 1258 mechanicis
928 1188 1091 1276 operibns,
1115 1195 1183 1259 sive
1206 1215 1227 1258 a
1242 1193 1376 1275 singulis
1400 1213 1482 1257 con·

303 1319 455 1383 ficiuntur
489 1318 557 1382 sive
588 1339 608 1382 a
639 1318 785 1400 pluribus
818 1320 1024 1397 coniunctim,
1060 1325 1235 1401 corporum
1268 1318 1480 1383 contentione

302 1460 469 1525 vagarum-
484 1461 602 1507 vocum
625 1442 794 1525 quandam
808 1444 999 1507 eiectionem
1018 1443 1113 1508 effici.
1161 1443 1254 1521 Quae
1268 1423 1376 1518 voces,
1401 1461 1478 1506 cum

302 1588 474 1632 numerose
491 1572 689 1645 asseruntur,
706 1568 809 1649 ipsius
820 1568 941 1633 laboris
957 1567 1073 1633 solatio
1088 1589 1160 1633 esse
1171 1571 1318 1651 possunt.
1349 1567 1478 1645 Quodsi

302 1692 464 1758 Homerus
487 1694 507 1756 l.
525 1713 549 1756 s
568 1713 593 1757 s.
620 1693 923 1758 vindemiatores
946 1695 1069 1759 inducit
1089 1695 1189 1758 linum
1210 1696 1374 1770 canentes,
1399 1692 1479 1757 inde

237 1870 243 1886 .
301 1817 517 1898 intellegimus
540 1817 689 1882 homines
712 1819 833 1900 agresti
855 1820 945 1902 operi
968 1820 1110 1884 intentos
1125 1817 1244 1883 αἴλινον
1267 1820 1343 1884 olim
1367 1817 1482 1882 clami·

301 1945 387 2005 tasse
411 1942 494 2005 sicut
516 1938 633 2005 ἐλελεῦ1
656 1942 813 2007 similiave
843 1943 944 2007 etita
971 1942 1091 2006 laboris
1121 1943 1342 2006 levamentum
1373 1962 1481 2024 quae-
1564 1918 1565 1973 ί

300 2067 423 2131 sivisse.
471 2066 567 2144 Quod
589 2067 752 2132 Homerus
774 2068 846 2148 ipse
868 2067 1012 2131 indicare
1034 2066 1175 2132 ridetur:

860 2258 909 2325 τοὶ
932 2265 966 2325 δὲ
989 2261 1168 2341 ῥήσσοντες
1191 2260 1311 2343 epaon]

460 2390 580 2469 μολπῇ
604 2380 631 2449 τ’
657 2385 772 2469 ἰυγμῷ
797 2382 952 2450 τεποσίν
976 2386 1162 2477 σκαίροντες
1185 2382 1303 2455 ἕποντο
1404 2450 1408 2457 ,

387 2582 646 2667 vindemiatores
669 2602 766 2683 igitur
787 2621 926 2684 puerum
948 2582 1071 2664 fidibus
1090 2585 1262 2666 canentem
1284 2600 1393 2665 verbis
1417 2620 1479 2664 ex·

298 2725 493 2791 sultantibus
531 2758 571 2769 -
604 2728 638 2789 et
666 2707 912 2789 intercalaribus
943 2724 1075 2806 quidem
1105 2759 1148 2768 —
1177 2724 1477 2806 prosequebantur.

298 2852 334 2914 In
356 2851 411 2916 illo
434 2850 569 2929 cantico,
594 2869 797 2933 quamquam
821 2850 863 2914 ab
887 2850 957 2931 ipso
981 2850 1173 2914 rusticorum
1197 2869 1295 2931 opere
1317 2850 1477 2915 hocloco

298 2979 461 3040 secretum
494 2979 544 3039 est
552 2956 564 3051 ,⁴
595 2974 819 3057 operariorum
855 2975 1015 3057 simplices
1050 2973 1177 3037 numeri
1209 2979 1475 3054 permanserunt.

298 3102 425 3180 Quibus
441 3101 539 3164 rebus
555 3100 724 3183 pensitatis
740 3100 951 3183 antiquorum
965 3099 1150 3163 testimonia
1173 3119 1240 3164 non
1256 3101 1322 3163 iarn
1345 3100 1476 3164 dissen-

297 3227 382 3291 tiunt
412 3246 520 3309 neque
555 3229 620 3302 est,
663 3245 720 3290 cur
755 3225 895 3289 Pollucis
928 3224 979 3288 his
1009 3225 1116 3289 verbis
1156 3224 1255 3288 fidem
1286 3245 1476 3289 recusemus

299 3350 324 3434 (l
348 3347 417 3432 38):
450 3350 562 3427 Λίνος
585 3352 620 3412 δὲ
646 3350 696 3412 καὶ
719 3350 893 3426 Λιτυέρσης
917 3350 1108 3413 σκαπανὲων
1132 3350 1211 3433 diui
1234 3350 1283 3412 καὶ
1306 3352 1474 3427 γεωργῶν.

386 3474 564 3555 Hucusque
599 3472 701 3535 linum
733 3472 935 3555 interpretati
967 3472 1114 3538 nondum
1150 3494 1275 3545 omnes,
1298 3474 1475 3556 effugimus

298 3598 562 3680 disceptationes.
601 3596 687 3660 Nam
703 3600 814 3674 restat,
839 3601 875 3661 ut
890 3597 1051 3662 Athenaei
1068 3596 1100 3680 (l.
1114 3594 1153 3678 s.)
1166 3598 1233 3662 ‘hoc
1243 3599 1475 3668 ,testimonium

297 3723 490 3805 explicetur:
515 3722 534 3800 ἡ
558 3724 592 3784 δὲ
608 3721 928 3800 ἱστουργούντων
952 3724 1026 3806 ᾡοή
1050 3720 1211 3800 αἴλινος,
1237 3721 1283 3800 ὡς
1299 3716 1474 3803 Ἐπίχαρ·

297 3869 366 3926 μσς
389 3848 423 3912 ἐν
447 3842 654 3926 Ἀταλάνταις
677 3846 797 3927 ἱστορεῖ
821 3846 870 3930 (fr.
891 3850 931 3912 14
947 3843 1064 3928 Korn).
1131 3914 1134 3921 ,

389 3974 531 4052 Quinam
553 3975 690 4039 verbum
713 3971 831 4050 αἴλινος
854 3975 1019 4065 notionem
1044 3975 1202 4057 acceperit
1226 3975 1278 4039 hic
1306 3995 1474 4058 apparen-

388 4207 398 4238 ¹
417 4206 456 4260 uf.
475 4207 691 4260 Stammerum
709 4204 727 4259 1.
740 4222 769 4269 s.‚
788 4222 815 4272 p
831 4203 872 4256 14.
900 4203 1109 4265 Mannhardt.
1135 4203 1229 4257 Wold·
1243 4204 1301 4257 und
1314 4203 1473 4273 namurco,
1559 4222 1560 4283 γ

296 4322 323 4372 p.
336 4305 389 4358 273
408 4321 456 4371 sq.,
476 4305 537 4369 217,
557 4306 617 4357 266.
