3159 4942
597 237 817 298 ..13-

214 428 435 494 Certaminum
469 428 711 512 Olympicorum
753 430 876 511 origine
913 431 1079 512 disputata
1115 430 1297 495 Pausanias

120 555 169 618 sic
196 554 301 638 pergit
328 552 368 635 (V
385 555 415 630 7,
434 549 503 634 iOlz
529 557 653 631 νικῆσαι
676 556 710 616 δὲ
729 552 817 617 ἄλλοι
834 574 869 616 τε
887 555 1031 628 λέγονται
1049 555 1099 617 καὶ
1118 553 1167 619 ὅτι
1183 549 1296 619 Ἀπόλ-

120 681 190 742 λων
213 678 411 756 παραδράμοι
427 681 482 757 μὲν
499 678 643 757 ἐρίζοντα
660 672 786 757 Ἑρμῆν,
804 682 957 756 κρατῆσαι
969 681 1014 742 ,δὲ
1032 673 1158 757 Ἄρεως
1181 686 1295 762 πυγμῇ.

120 806 242 870 τούτου
266 807 300 868 δὲ
330 805 431 870 εἵνεκα
453 805 503 868 καὶ
525 806 562 868 τὸ
583 805 705 883 αὔλημα
727 806 764 868 τὸ
789 804 934 869 Πυθικόν
958 820 1041 884 φασι
1068 811 1114 888 τῷ
1143 807 1298 883 πηδήματι

122 931 349 1009 ἐπεισαχθῆναι
372 933 438 993 τῶν
462 929 660 1005 πεντάθλων,
686 928 732 1005 άις
755 929 793 992 τὸ
818 931 872 1006 μὲν
896 926 981 1006 ἱερὸν
1009 931 1067 991 τοῦ
1092 922 1298 1007 Ἀπόλλωνος

122 1055 161 1117 τὸ
186 1053 307 1132 αὔλημα
331 1052 378 1129 ὄν,
409 1054 467 1118 τὸν
492 1048 679 1118 Ἀπόλλωνα
702 1057 736 1116 δὲ
759 1053 955 1136 ἀνῃρημένον
980 1047 1170 1131 Ὀλυμπικὰς
1199 1052 1295 1131 νίκας.

213 1179 309 1243 Hunc
333 1182 443 1243 autem
465 1180 619 1243 tibiarum
642 1185 784 1255 cantum,
810 1198 908 1261 quem
931 1199 1005 1243 cum
1031 1180 1167 1244 saliendi
1195 1183 1298 1244 certa-

122 1307 215 1370 mine
232 1307 439 1371 coniunctum
459 1325 530 1370 esse
545 1303 749 1370 Pausanias¹
766 1307 1041 1383 commemorarit,
1065 1306 1181 1370 melius
1197 1326 1297 1388 quam

121 1413 306 1497 Pausanias
341 1432 557 1496 Philostratus
599 1433 830 1515 interpretatus
867 1436 917 1495 est
954 1429 1135 1515 (Gymnast.
1156 1452 1182 1495 c.
1201 1427 1295 1512 55l²z

123 1555 220 1634 ἁλτήρ
243 1559 278 1619 δὲ
300 1556 488 1619 πεντάθλων
519 1559 574 1633 μὲν
604 1552 732 1633 εὕρημα.
780 1552 907 1634 εὕρηται
930 1558 964 1618 δὲ
994 1555 1028 1633 ἐς
1059 1557 1096 1618 τὸ
1121 1555 1211 1633 ἅλμα,
1236 1549 1295 1631 oo*

123 1680 162 1745 οὗ
193 1684 229 1759 δὴ
265 1681 314 1743 καὶ
345 1680 538 1758 ὠνόμασται,
575 1678 604 1743 ol
638 1680 698 1758 γάρ
730 1679 822 1757 νόμοι
852 1680 889 1742 τὸ
920 1682 1046 1758 πήδημα
1075 1681 1295 1758 χαλεπώτερον

121 1805 291 1885 ἡγούμενοι
313 1809 379 1869 τῶν
404 1805 438 1868 ἐν
461 1803 561 1880 ἀγῶνι
583 1809 628 1888 τῷ
653 1824 687 1867 τε
703 1803 789 1886 αὐλῷ
806 1803 1052 1882 προσεγείρουσι
1070 1804 1128 1868 τὸν
1144 1807 1296 1881 πηδῶντα

121 1931 171 1994 καὶ
195 1936 241 2013 τῷ
265 1928 372 2007 ἁλτῆρι
394 1929 731 2012 προσελαιρρύνουσιν.

212 2056 307 2120 Tibia
341 2056 522 2137 remigandi
558 2073 689 2137 quoque
723 2054 817 2117 labor
852 2053 1043 2117 creberrime
1077 2052 1293 2115 minuebatur.

122 2182 218 2261 Quod
242 2185 308 2248 iam
331 2183 462 2266 proprio
478 2182 578 2245 verbo
602 2179 787 2258 τριηραύλης
811 2179 977 2261 probatur,
1003 2198 1068 2260 quo
1085 2177 1199 2241 Graeci
1222 2178 1296 2242 tihi-

38 2360 40 2365 .
122 2307 228 2372 cinem
251 2308 285 2371 in
307 2308 429 2372 triremi
453 2306 694 2387 significabant3
719 2304 809 2368 velut
823 2303 1059 2368 Demosthenes
1076 2304 1117 2367 de
1133 2325 1197 2368 cor,
1214 2304 1294 2367 179:

122 2425 205 2495 ’all’
224 2432 269 2510 ὡς
293 2431 311 2495 6
327 2432 513 2510 τριηραύλης
530 2430 690 2509 Φορμίων,
715 2428 734 2491 δ
754 2429 884 2505 Δίωνος
899 2431 957 2491 τοῦ
974 2427 1150 2507 Φρεαρρίου
1167 2431 1293 2505 δοῦλος,

122 2555 299 2634 ἀνέστησεν
324 2555 421 2634 αὐτὴν
445 2553 509 2618 ἀπὸ
533 2554 649 2631 ταύτης
672 2557 728 2631 τῆς
751 2556 846 2630 καλῆς
870 2551 1029 2630 ἐργασίας.
1066 2553 1185 2617 Videas
1201 2572 1296 2635 prae-

121 2687 211 2746 terea
234 2681 373 2745 Pollucis
397 2680 479 2756 196,
496 2680 538 2743 IV
555 2680 607 2757 71,
633 2678 753 2742 Suidae
777 2698 891 2742 vocem
914 2677 1071 2754 τριηρικὸν
1094 2676 1208 2740 αὐλεῖν.

211 2807 355 2872 Tibicine
379 2807 568 2872 concinente
591 2807 737 2891 pistrices
753 2808 901 2872 videmus
925 2824 1045 2886 panem
1068 2803 1243 2884 depsentes
1261 2802 1294 2864 in

122 2952 226 3015 parva
249 2932 393 3014 quadam
423 2933 539 3014 effigie,
571 2953 671 3015 quam
699 2932 804 2997 Garol.
822 2931 969 2996 Buecher
999 2929 1080 2992 libro
1111 2947 1170 2991 suo
1202 2926 1295 3007 quasi

121 3057 250 3121 titulum
265 3059 444 3140 proposuit.
479 3058 573 3122 Hanc
596 3058 629 3121 in
653 3057 819 3140 publicum
841 3057 983 3138 primum
1005 3053 1106 3118 edidit
1121 3052 1156 3115 E.
1173 3050 1296 3115 Pottier

121 3183 203 3248 Rev.
221 3185 308 3249 arch.
325 3184 376 3247 Ill.
400 3179 461 3247 se'r.
479 3183 564 3246 Ann,
580 3182 716 3246 XXXIV
741 3175 859 3263 l1899l,
883 3201 915 3261 p,
935 3179 986 3241 11.

211 3307 496 3384 Lacedaemonios,
528 3327 604 3370 cum
633 3306 666 3368 in
689 3306 801 3370 hostes
824 3324 859 3367 se
890 3303 1124 3375 converterent,
1156 3297 1294 3379 agminis

122 3431 270 3496 ordinem
292 3435 325 3494 et
349 3432 574 3495 assiduitatem
597 3429 750 3494 tibiarum
773 3429 880 3492 modis
908 3427 1062 3490 direxisse
1086 3422 1294 3505 Thucydides

122 3552 162 3635 (V
179 3555 231 3632 69,
249 3550 314 3635 70),
334 3556 528 3620 Plutarchus
545 3552 631 3638 (Lyc.
647 3555 698 3631 71,
713 3548 778 3632 77),
796 3551 951 3634 Polybius
963 3547 1018 3630 (IV
1031 3550 1083 3625 ΞΟ,
1100 3542 1163 3626 17),
1180 3545 1295 3610 Pollux

122 3679 175 3763 (lV
193 3683 245 3759 78,
263 3677 318 3762 87)
343 3683 396 3746 alii
419 3683 632 3746 tradiderunt.
679 3681 842 3744 Lucienus
866 3675 986 3765 (Prom.
1004 3671 1037 3755 e)
1060 3674 1203 3757 loquitur
1226 3671 1295 3748 περὶ

121 3808 180 3869 τοῦ
196 3805 230 3869 ἐν
247 3803 358 3889 ῥυθμῷ
376 3807 490 3884 βαίνειν
507 3805 589 3884 πρὸς
605 3803 702 3867 αὐλάν
719 3807 819 3885 atque
838 3802 1027 3865 Athenaeus
1044 3797 1129 3880 (XIV
1141 3818 1172 3878 p.
1187 3796 1250 3859 677
1260 3790 1294 3873 d)

121 3950 181 3996 nos
205 3930 299 3996 docet
322 3931 417 3996 haec:
443 3929 473 3993 ol
496 3928 711 4008 ἀνδρειότατοι
734 3925 970 4004 Λακεδαιμόνιοι
993 3918 1057 4002 μετ’
1075 3921 1182 3985 αὐλῶν
1199 3935 1294 3996 στρα-

283 4061 334 4068 -η

212 4134 220 4164 ¹
239 4126 341 4181 Eadem
359 4124 421 4180 licet
440 4126 600 4179 concludere
618 4142 652 4179 ex
670 4123 821 4179 Pausaniae
839 4123 862 4174 V
884 4122 924 4186 17,
946 4123 990 4183 105
1010 4121 1045 4173 Vl
1066 4121 1107 4184 14,
1128 4120 1169 4173 10.

210 4225 270 4279 ²V.
289 4224 420 4278 Frazeri
445 4225 488 4278 rel
507 4223 696 4277 Bluemneri
722 4228 748 4275 et
773 4222 911 4287 Hitzigii
937 4221 1123 4273 adnotationes
1149 4220 1183 4272 ad
1208 4219 1287 4271 Paus.

122 4324 143 4377 V
163 4326 187 4389 7,
209 4326 242 4377 10
260 4323 371 4377 additas.
