3159 4942
782 236 1001 300 -48-

305 436 388 500 haec
403 437 599 501 invenimus:
623 439 815 501 κελευστῶν;
840 439 1017 516 κελευστὴς,
1042 440 1237 519 τριήραρχος,
1261 441 1425 518 πρωρεύς.
1445 476 1493 485 -

307 560 480 638 νιγλάρους
506 559 524 624 ὁ
547 561 727 640 νίγλαρος
750 561 872 641 κροῦμά
895 562 982 626 ἐστιν
1010 563 1059 626 καὶ
1082 564 1175 641 μέλος
1198 565 1355 641 μουσικὸν
1380 586 1491 643 παρα-

305 652 515 750 κελευστικόν.
551 686 670 751 Suidas
694 706 719 751 S.
735 707 767 751 v.
790 686 947 764 νίγλαροιε
971 687 1011 750 τὰ
1033 686 1240 766 τερετίσματα
1262 689 1311 751 καὶ
1331 689 1490 768 περίεργα

305 811 476 890 κρούματα.
522 815 644 890 κροῡμα
667 812 702 874 δέ
724 810 793 874 ἐστι
816 813 865 875 καὶ
890 813 983 890 μέλος
1007 812 1160 891 μουσικὸν
1190 815 1489 892 παρακελευστικὸν

306 926 325 999 ό
354 936 511 1015 νίγλαρος.
573 938 747 1002 Praeterea
775 937 816 1001 de
849 937 998 1016 νιγλάρου
1028 937 1137 1002 indole
1166 958 1197 1002 ν.
1228 937 1489 1002 Plutarchum

305 1061 347 1126 de
371 1082 455 1126 mus.
479 1083 506 1127 c.
525 1063 581 1140 303
605 1062 692 1126 Hes,
708 1062 819 1127 Phot.
838 1043 869 1127 s.
886 1058 933 1126 v.¹

394 1188 570 1254 Pausarios
593 1190 723 1271 pulsum
750 1209 915 1253 remorum
938 1190 984 1254 ita
1006 1191 1169 1255 moderari
1192 1192 1304 1255 solitos
1328 1213 1412 1271 esse,
1449 1198 1488 1257 ut

306 1315 440 1379 vocibus
464 1315 661 1398 quibusdam
684 1315 843 1396 remigum
871 1308 1072 1380 alacritatem
1097 1316 1320 1395 accenderent,
1349 1319 1419 1381 iarn
1446 1304 1489 1382 ex
1554 1312 1555 1325 ¹

306 1440 492 1523 Aeschyli
514 1441 688 1505 Persarum
712 1442 817 1505 elucet
839 1461 869 1504 v.
891 1441 955 1504 396
979 1460 1045 1523 sq.:

466 1563 563 1643 εὐθὺς
586 1568 621 1627 δὲ
643 1566 752 1642 κώπης
775 1564 929 1643 ῥοθιάδος
952 1567 1122 1647 ξυνεμβολῇ

465 1690 601 1754 ἔπαισαν
625 1689 723 1769 ἅλμην
747 1690 873 1770 βρύχιον
897 1690 930 1753 ἐκ
953 1691 1175 1768 κελεύσματος.

394 1806 483 1872 Licet
505 1807 585 1871 illud
608 1807 762 1886 κέλευσμα
785 1807 927 1890 primum
949 1806 995 1869 nil
1018 1805 1115 1869 fuerit
1140 1806 1203 1869 nisi
1230 1807 1372 1869 incertus
1406 1807 1486 1887 qui-

305 1934 383 1999 dam
406 1955 506 1998 sonus
529 1935 660 2013 vocalis,
685 1933 727 1998 ad
752 1953 850 2016 quem
873 1953 1036 1998 remorum
1059 1934 1141 1996 ictus
1166 1932 1485 2009 accommodaretur,
1554 1958 1555 2005 t

305 2062 416 2124 tamen
434 2058 510 2123 inde
526 2061 701 2123 nautarum
717 2058 898 2123 cantilenae
915 2058 1076 2139 gradatim
1100 2061 1190 2121 ortae
1213 2076 1285 2121 esse
1300 2052 1487 2120 υίιίοῐιίυτ.2

305 2185 401 2264 Quod
417 2186 484 2250 iam
500 2185 582 2250 Guil.
595 2184 657 2249 Ad.
670 2185 815 2249 Becker
830 2180 1084 2262 animadvertit³‚
1103 2184 1158 2266 qui
1174 2184 1385 2248 Lucianum
1401 2204 1484 2266 pro·

302 2310 376 2375 tulit
402 2313 529 2375 testem.
580 2311 617 2374 ln
645 2309 781 2392 Gataplo
810 2311 897 2374 enim
924 2329 993 2392 par.
1026 2310 1065 2373 19
1100 2309 1262 2374 Lucienus
1301 2308 1483 2392 Cyniscum

303 2435 430 2498 induxit
453 2455 587 2517 operam
611 2433 753 2498 Charoni
777 2434 977 2498 offerentem.
1023 2433 1181 2497 Pactione
1197 2433 1344 2498 confecta
1359 2433 1394 2497 hi
1411 2454 1484 2497 ser-

303 2581 418 2626 mones
442 2565 700 2626 commutantur:
727 2561 810 2623 Κυν·
836 2558 855 2636 ἡ
878 2558 927 2621 καὶ
950 2557 1160 2621 ὑποκελεῦσαι
1181 2558 1300 2633 δεήσει;
1324 2555 1415 2634 Χαρ·
1441 2558 1482 2633 νὴ

304 2677 368 2759 Δί’,
392 2683 490 2761 ἥνπερ
507 2681 590 2766 εἰδῇς
605 2684 759 2761 κέλευσμά
775 2705 803 2747 τι
819 2687 885 2747 τῶν
900 2686 1067 2746 ναυτικῶν.
1105 2683 1195 2745 Κυν’
1216 2675 1286 2744 οἶδα
1301 2681 1351 2744 καὶ
1366 2681 1481 2756 πολλά,

306 2806 332 2868 ὦ
357 2806 481 2884 Χάρων,
509 2810 575 2870 τῶν
602 2811 769 2870 ναυτικῶν.
818 2800 884 2869 ἀλλ’
914 2805 1010 2888 ὁρᾷς;
1041 2804 1275 2884 ἀντεπηχοῦσιν
1307 2802 1397 2867 οὗτοι
1425 2809 1481 2867 δα-

304 2933 465 3012 κρύοντες,
490 2932 576 2997 ὥστε
599 2933 668 3011 ἡμῖν
691 2934 728 2996 τὸ
753 2932 841 3015 ᾆσμα
864 2931 1157 3012 ἐπιταραχθήσεται.
1194 2932 1285 3010 Quae
1310 2932 1352 2995 ad
1376 2933 1481 2996 verba
1554 2934 1555 2937 ’

304 3060 496 3143 explicanda
518 3061 601 3125 haec
624 3059 751 3124 addidit
779 3059 968 3123 scholiasta:
999 3058 1045 3136 ὡς
1073 3059 1107 3122 έν
1134 3060 1202 3135 τοῖς
1229 3057 1351 3133 πλοίοις
1379 3058 1480 3132 λέγειν

304 3182 439 3247 εἰώθασι
461 3187 615 3258 κελεῦσαι,
641 3185 725 3267 ᾡδὴν
749 3186 784 3245 δὲ
806 3184 886 3258 λέγει
909 3183 1066 3260 ναυτικήν,
1091 3183 1129 3259 ἣν
1144 3181 1367 3259 ὑποκέλευσμα
1385 3183 1480 3255 καλεῖ,
1554 3196 1555 3201 ’

305 3306 383 3370 διότι
406 3308 479 3385 ἑνὸς
502 3308 736 3387 καταρχομένου
761 3305 790 3370 οἱ
814 3305 900 3369 ἄλλοι
924 3306 1087 3383 ὑπήκουον
1110 3305 1147 3368 τὸ
1163 3289 1339 3387 ᾀδόμενον,
1365 3302 1479 3382 ὥσπερ

305 3431 354 3493 καὶ
377 3429 431 3495 ὅτε
454 3433 511 3509 τήν
535 3430 656 3508 ὀθόνην
680 3434 746 3494 τῶν
769 3429 890 3493 πλοίων
907 3430 983 3506 μετὰ
1006 3432 1062 3506 τῆς
1086 3427 1210 3505 κεραίας
1234 3426 1284 3489 ἐπὶ
1303 3427 1361 3489 τὸν
1387 3425 1478 3490 ἱστὸν

306 3552 538 3632 ἀναφέρουσιν.

360 3656 362 3661 ’
396 3678 571 3759 Remigum
594 3682 753 3744 nontam
777 3679 958 3742 cantilenae
982 3697 1082 3760 quam
1105 3676 1196 3740 modi
1219 3675 1354 3758 quidam
1383 3675 1483 3738 inter·

309 3805 433 3869 celares
468 3805 667 3887 indagantur
700 3806 789 3888 apud
821 3804 1135 3886 Aristophanem.
1188 3802 1273 3866 Nam
1309 3801 1352 3865 ad
1384 3820 1482 3864 voces

309 3932 394 3996 Ran.
411 3953 441 3995 v.
459 3933 538 3997 ⁶208:

469 4055 541 4118 ὠὸπ
565 4055 617 4131 dn,
643 4055 715 4118 ὠὸπ
738 4053 781 4118 όπ

397 4229 407 4261 ¹
427 4230 465 4284 Cf.
478 4229 687 4298 Philostorgium
700 4230 716 4283 l.
726 4248 747 4283 s
760 4247 843 4298 supra
854 4247 879 4298 p.
892 4231 932 4283 18.
953 4259 985 4267 -
1006 4228 1017 4259 ²
1030 4229 1068 4282 Cf.
1080 4229 1138 4283 Car.
1147 4229 1296 4283 Buecher
1313 4229 1330 4281 l.
1341 4246 1372 4292 s,
1385 4245 1413 4297 p.
1424 4230 1482 4282 203.

397 4334 407 4364 θ
426 4328 571 4393 CharihleS,
590 4345 615 4396 p.
629 4328 689 4380 am.

1553 4338 1556 4547 ι
