<?xml version="1.0" encoding="UTF-8"?>
<!DOCTYPE html PUBLIC "-//W3C//DTD XHTML 1.0 Transitional//EN"
    "http://www.w3.org/TR/xhtml1/DTD/xhtml1-transitional.dtd">
<html xmlns="http://www.w3.org/1999/xhtml" xml:lang="en" lang="en">
 <head>
  <title>
</title>
<meta http-equiv="Content-Type" content="text/html;charset=utf-8" />
  <meta name='ocr-system' content='tesseract 3.04.00' />
  <meta name='ocr-capabilities' content='ocr_page ocr_carea ocr_par ocr_line ocrx_word'/>
</head>
<body>
  <div class='ocr_page' id='page_1' title='image "./deoperariorumca00hinrgoog_0046.png"; bbox 0 0 3159 4942; ppageno 0'>
   <div class='ocr_carea' id='block_1_1' title="bbox 760 238 984 303">
    <p class='ocr_par' dir='ltr' id='par_1_1' title="bbox 760 238 984 303">
     <span class='ocr_line' id='line_1_1' title="bbox 760 238 984 303; baseline 0.036 -8"><span class='ocrx_word' id='word_1_1' title='bbox 760 238 984 303; x_wconf 16' lang='lat' dir='ltr'>n-40-</span> 
     </span>
    </p>
   </div>
   <div class='ocr_carea' id='block_1_2' title="bbox 287 436 1467 1019">
    <p class='ocr_par' dir='ltr' id='par_1_2' title="bbox 287 436 1467 1019">
     <span class='ocr_line' id='line_1_2' title="bbox 377 436 1466 521; baseline -0.001 -21"><span class='ocrx_word' id='word_1_2' title='bbox 377 437 448 502; x_wconf 86' lang='lat' dir='ltr'>Vox</span> <span class='ocrx_word' id='word_1_3' title='bbox 469 436 578 515; x_wconf 84' lang='grc' dir='ltr'>ἴουλος</span> <span class='ocrx_word' id='word_1_4' title='bbox 602 442 745 521; x_wconf 87' lang='lat' dir='ltr'>quantae</span> <span class='ocrx_word' id='word_1_5' title='bbox 768 440 940 503; x_wconf 84' lang='lat' dir='ltr'>notionum</span> <span class='ocrx_word' id='word_1_6' title='bbox 962 440 1120 503; x_wconf 86' lang='lat' dir='ltr'>ubertatis</span> <span class='ocrx_word' id='word_1_7' title='bbox 1143 440 1193 516; x_wconf 87' lang='lat' dir='ltr'>sit,</span> <span class='ocrx_word' id='word_1_8' title='bbox 1222 459 1263 503; x_wconf 83' lang='lat' dir='ltr'>ex</span> <span class='ocrx_word' id='word_1_9' title='bbox 1284 436 1466 520; x_wconf 62' lang='lat' dir='ltr'>Hesychia</span> 
     </span>
     <span class='ocr_line' id='line_1_3' title="bbox 288 560 1467 649; baseline -0.004 -21"><span class='ocrx_word' id='word_1_10' title='bbox 288 564 417 643; x_wconf 87' lang='lat' dir='ltr'>Photio,</span> <span class='ocrx_word' id='word_1_11' title='bbox 442 564 555 643; x_wconf 87' lang='lat' dir='ltr'>Suida‚</span> <span class='ocrx_word' id='word_1_12' title='bbox 580 565 684 649; x_wconf 86' lang='lat' dir='ltr'>Etym.</span> <span class='ocrx_word' id='word_1_13' title='bbox 700 565 743 630; x_wconf 90' lang='grc' dir='ltr'>Μ.</span> <span class='ocrx_word' id='word_1_14' title='bbox 768 566 886 643; x_wconf 88' lang='lat' dir='ltr'>elucet;</span> <span class='ocrx_word' id='word_1_15' title='bbox 911 565 1126 647; x_wconf 80' lang='lat' dir='ltr'>agricolarum</span> <span class='ocrx_word' id='word_1_16' title='bbox 1149 564 1311 628; x_wconf 83' lang='lat' dir='ltr'>canticum</span> <span class='ocrx_word' id='word_1_17' title='bbox 1333 582 1374 627; x_wconf 89' lang='lat' dir='ltr'>ea</span> <span class='ocrx_word' id='word_1_18' title='bbox 1398 560 1467 625; x_wconf 88' lang='lat' dir='ltr'>dici</span> 
     </span>
     <span class='ocr_line' id='line_1_4' title="bbox 287 683 1464 772; baseline -0.004 -20"><span class='ocrx_word' id='word_1_19' title='bbox 287 688 445 772; x_wconf 88' lang='lat' dir='ltr'>imprimis</span> <span class='ocrx_word' id='word_1_20' title='bbox 475 687 651 753; x_wconf 78' lang='lat' dir='ltr'>scholiasta</span> <span class='ocrx_word' id='word_1_21' title='bbox 686 689 729 753; x_wconf 90' lang='lat' dir='ltr'>ad</span> <span class='ocrx_word' id='word_1_22' title='bbox 752 689 903 772; x_wconf 89' lang='lat' dir='ltr'>Apollon.</span> <span class='ocrx_word' id='word_1_23' title='bbox 936 690 1059 772; x_wconf 86' lang='lat' dir='ltr'><strong>Argon.</strong></span> <span class='ocrx_word' id='word_1_24' title='bbox 1082 691 1113 753; x_wconf 90' lang='lat' dir='ltr'><strong>A</strong></span> <span class='ocrx_word' id='word_1_25' title='bbox 1136 691 1200 754; x_wconf 70' lang='lat'>972</span> <span class='ocrx_word' id='word_1_26' title='bbox 1228 686 1364 754; x_wconf 77' lang='lat' dir='ltr'>tradidit</span> <span class='ocrx_word' id='word_1_27' title='bbox 1394 683 1464 767; x_wconf 83' lang='lat' dir='ltr'>(ed.</span> 
     </span>
     <span class='ocr_line' id='line_1_5' title="bbox 288 806 1466 899; baseline -0.004 -21"><span class='ocrx_word' id='word_1_28' title='bbox 288 808 399 893; x_wconf 87' lang='lat' dir='ltr'>Keil.):</span> <span class='ocrx_word' id='word_1_29' title='bbox 429 810 448 875; x_wconf 88' lang='grc' dir='ltr'>ὁ</span> <span class='ocrx_word' id='word_1_30' title='bbox 471 812 577 891; x_wconf 75' lang='grc' dir='ltr'>μέντοι</span> <span class='ocrx_word' id='word_1_31' title='bbox 601 806 841 892; x_wconf 75' lang='grc' dir='ltr'>Ἐρατοσθένης</span> <span class='ocrx_word' id='word_1_32' title='bbox 864 813 967 893; x_wconf 87' lang='grc' dir='ltr'>ὄνομα</span> <span class='ocrx_word' id='word_1_33' title='bbox 990 817 1075 899; x_wconf 91' lang='grc' dir='ltr'>ᾠδῆς</span> <span class='ocrx_word' id='word_1_34' title='bbox 1098 814 1216 894; x_wconf 81' lang='grc' dir='ltr'>ἐρίδων</span> <span class='ocrx_word' id='word_1_35' title='bbox 1239 812 1402 878; x_wconf 76' lang='grc' dir='ltr'>ἀπέδωκεν</span> <span class='ocrx_word' id='word_1_36' title='bbox 1427 810 1466 874; x_wconf 85' lang='grc' dir='ltr'>ἐν</span> 
     </span>
     <span class='ocr_line' id='line_1_6' title="bbox 288 928 725 1019; baseline -0.002 -21"><span class='ocrx_word' id='word_1_37' title='bbox 288 940 334 1019; x_wconf 81' lang='grc' dir='ltr'>τῷ</span> <span class='ocrx_word' id='word_1_38' title='bbox 360 928 468 1017; x_wconf 83' lang='grc' dir='ltr'>Ἑρμῆ,</span> <span class='ocrx_word' id='word_1_39' title='bbox 492 934 594 1010; x_wconf 75' lang='grc' dir='ltr'>λέγων</span> <span class='ocrx_word' id='word_1_40' title='bbox 617 931 725 998; x_wconf 73' lang='grc' dir='ltr'>οὕτω·</span> 
     </span>
    </p>
   </div>
   <div class='ocr_carea' id='block_1_3' title="bbox 448 1124 1288 1331">
    <p class='ocr_par' dir='ltr' id='par_1_3' title="bbox 448 1124 1288 1331">
     <span class='ocr_line' id='line_1_7' title="bbox 448 1124 1198 1206; baseline 0.005 -18"><span class='ocrx_word' id='word_1_41' title='bbox 448 1125 467 1202; x_wconf 89' lang='grc' dir='ltr'>ἣ</span> <span class='ocrx_word' id='word_1_42' title='bbox 490 1128 632 1205; x_wconf 85' lang='grc' dir='ltr'>χερνῆτις</span> <span class='ocrx_word' id='word_1_43' title='bbox 655 1125 763 1204; x_wconf 80' lang='grc' dir='ltr'>ἔριθος</span> <span class='ocrx_word' id='word_1_44' title='bbox 785 1126 838 1205; x_wconf 80' lang='grc' dir='ltr'>ἐφ’</span> <span class='ocrx_word' id='word_1_45' title='bbox 864 1128 989 1204; x_wconf 81' lang='grc' dir='ltr'>ὑψηλοῦ</span> <span class='ocrx_word' id='word_1_46' title='bbox 1013 1124 1198 1206; x_wconf 80' lang='grc' dir='ltr'>πυλειῖινοςι</span> 
     </span>
     <span class='ocr_line' id='line_1_8' title="bbox 449 1246 1288 1331; baseline 0.002 -18"><span class='ocrx_word' id='word_1_47' title='bbox 449 1246 650 1328; x_wconf 75' lang='grc' dir='ltr'>δενδαλίδαςῖ</span> <span class='ocrx_word' id='word_1_48' title='bbox 673 1251 842 1331; x_wconf 83' lang='grc' dir='ltr'>τεύχουσα,</span> <span class='ocrx_word' id='word_1_49' title='bbox 866 1253 983 1330; x_wconf 86' lang='grc' dir='ltr'>καλοὺς</span> <span class='ocrx_word' id='word_1_50' title='bbox 1004 1251 1106 1329; x_wconf 80' lang='grc' dir='ltr'>ἤειδεν</span> <span class='ocrx_word' id='word_1_51' title='bbox 1129 1247 1288 1329; x_wconf 67' lang='grc' dir='ltr'>ἰούλους.8</span> 
     </span>
    </p>
   </div>
   <div class='ocr_carea' id='block_1_4' title="bbox 289 1432 1472 3142">
    <p class='ocr_par' dir='ltr' id='par_1_4' title="bbox 289 1432 1472 3142">
     <span class='ocr_line' id='line_1_9' title="bbox 290 1432 1469 1517; baseline 0.002 -19"><span class='ocrx_word' id='word_1_52' title='bbox 290 1432 349 1498; x_wconf 87' lang='grc' dir='ltr'>οὐκ</span> <span class='ocrx_word' id='word_1_53' title='bbox 372 1433 441 1497; x_wconf 78' lang='grc' dir='ltr'>ἔστι</span> <span class='ocrx_word' id='word_1_54' title='bbox 463 1436 498 1499; x_wconf 80' lang='grc' dir='ltr'>δέ</span> <span class='ocrx_word' id='word_1_55' title='bbox 521 1452 602 1514; x_wconf 89' lang='grc' dir='ltr'>φησι</span> <span class='ocrx_word' id='word_1_56' title='bbox 618 1438 760 1517; x_wconf 90' lang='grc' dir='ltr'>Δίδυμος</span> <span class='ocrx_word' id='word_1_57' title='bbox 782 1438 849 1502; x_wconf 83' lang='grc' dir='ltr'>ἀλλ’</span> <span class='ocrx_word' id='word_1_58' title='bbox 869 1435 970 1517; x_wconf 76' lang='grc' dir='ltr'>ὕμνος</span> <span class='ocrx_word' id='word_1_59' title='bbox 993 1438 1037 1517; x_wconf 89' lang='grc' dir='ltr'>εἰς</span> <span class='ocrx_word' id='word_1_60' title='bbox 1052 1439 1215 1517; x_wconf 88' lang='grc' dir='ltr'>Δῆμητρα,</span> <span class='ocrx_word' id='word_1_61' title='bbox 1241 1438 1287 1516; x_wconf 81' lang='grc' dir='ltr'>ὡς</span> <span class='ocrx_word' id='word_1_62' title='bbox 1311 1438 1329 1501; x_wconf 90' lang='grc' dir='ltr'>ὁ</span> <span class='ocrx_word' id='word_1_63' title='bbox 1354 1438 1469 1512; x_wconf 84' lang='grc' dir='ltr'>οὔπιγ·</span> 
     </span>
     <span class='ocr_line' id='line_1_10' title="bbox 290 1544 1469 1642; baseline 0.001 -19"><span class='ocrx_word' id='word_1_64' title='bbox 290 1578 349 1637; x_wconf 90' lang='grc' dir='ltr'>γος</span> <span class='ocrx_word' id='word_1_65' title='bbox 372 1559 459 1639; x_wconf 88' lang='grc' dir='ltr'>παρὰ</span> <span class='ocrx_word' id='word_1_66' title='bbox 481 1559 674 1639; x_wconf 82' lang='grc' dir='ltr'>Τροιζηνίοις</span> <span class='ocrx_word' id='word_1_67' title='bbox 703 1561 748 1640; x_wconf 88' lang='grc' dir='ltr'>εἰς</span> <span class='ocrx_word' id='word_1_68' title='bbox 769 1562 923 1641; x_wconf 85' lang='grc' dir='ltr'>Ἄρτεμιν.</span> <span class='ocrx_word' id='word_1_69' title='bbox 970 1563 1038 1626; x_wconf 82' lang='grc' dir='ltr'>ἔστι</span> <span class='ocrx_word' id='word_1_70' title='bbox 1067 1565 1127 1642; x_wconf 87' lang='grc' dir='ltr'>γὰρ</span> <span class='ocrx_word' id='word_1_71' title='bbox 1158 1544 1254 1641; x_wconf 82' lang='grc' dir='ltr'>οὖλος</span> <span class='ocrx_word' id='word_1_72' title='bbox 1281 1563 1331 1627; x_wconf 86' lang='grc' dir='ltr'>καὶ</span> <span class='ocrx_word' id='word_1_73' title='bbox 1352 1561 1469 1639; x_wconf 86' lang='grc' dir='ltr'>ἴουλος</span> 
     </span>
     <span class='ocr_line' id='line_1_11' title="bbox 289 1684 1467 1767; baseline 0.002 -20"><span class='ocrx_word' id='word_1_74' title='bbox 289 1684 309 1762; x_wconf 92' lang='grc' dir='ltr'>ἡ</span> <span class='ocrx_word' id='word_1_75' title='bbox 332 1684 456 1748; x_wconf 82' lang='grc' dir='ltr'>ἐκτῶν</span> <span class='ocrx_word' id='word_1_76' title='bbox 480 1685 668 1763; x_wconf 85' lang='grc' dir='ltr'>δραγμάτων</span> <span class='ocrx_word' id='word_1_77' title='bbox 692 1688 894 1765; x_wconf 81' lang='grc' dir='ltr'>συναγομένη</span> <span class='ocrx_word' id='word_1_78' title='bbox 922 1688 1031 1765; x_wconf 84' lang='grc' dir='ltr'>δὲσμη,</span> <span class='ocrx_word' id='word_1_79' title='bbox 1062 1689 1111 1752; x_wconf 86' lang='grc' dir='ltr'>καὶ</span> <span class='ocrx_word' id='word_1_80' title='bbox 1135 1688 1228 1752; x_wconf 71' lang='lat' dir='ltr'>onio</span> <span class='ocrx_word' id='word_1_81' title='bbox 1256 1689 1275 1767; x_wconf 87' lang='grc' dir='ltr'>ἡ</span> <span class='ocrx_word' id='word_1_82' title='bbox 1299 1688 1467 1765; x_wconf 91' lang='grc' dir='ltr'>Δημήτηρ.</span> 
     </span>
     <span class='ocr_line' id='line_1_12' title="bbox 290 1809 1468 1895; baseline 0.004 -22"><span class='ocrx_word' id='word_1_83' title='bbox 290 1809 407 1874; x_wconf 85' lang='lat' dir='ltr'>Pollux</span> <span class='ocrx_word' id='word_1_84' title='bbox 429 1809 443 1874; x_wconf 95' lang='grc' dir='ltr'>Ι</span> <span class='ocrx_word' id='word_1_85' title='bbox 467 1811 509 1876; x_wconf 88' lang='grc'>38</span> <span class='ocrx_word' id='word_1_86' title='bbox 532 1811 691 1895; x_wconf 84' lang='lat' dir='ltr'>hymnum</span> <span class='ocrx_word' id='word_1_87' title='bbox 723 1809 834 1877; x_wconf 82' lang='grc' dir='ltr'>ἴουλον</span> <span class='ocrx_word' id='word_1_88' title='bbox 868 1816 1020 1890; x_wconf 63' lang='lat' dir='ltr'>testatum</span> <span class='ocrx_word' id='word_1_89' title='bbox 1050 1814 1197 1892; x_wconf 79' lang='lat' dir='ltr'>photius,</span> <span class='ocrx_word' id='word_1_90' title='bbox 1232 1814 1353 1878; x_wconf 90' lang='lat' dir='ltr'>Suidas</span> <span class='ocrx_word' id='word_1_91' title='bbox 1381 1833 1407 1876; x_wconf 94' lang='lat' dir='ltr'>s.</span> <span class='ocrx_word' id='word_1_92' title='bbox 1433 1833 1468 1878; x_wconf 83' lang='lat' dir='ltr'>r.</span> 
     </span>
     <span class='ocr_line' id='line_1_13' title="bbox 292 1932 1407 2023; baseline 0.003 -26"><span class='ocrx_word' id='word_1_93' title='bbox 292 1932 414 2012; x_wconf 84' lang='grc' dir='ltr'>ἴοῦλος;</span> <span class='ocrx_word' id='word_1_94' title='bbox 438 1935 488 1998; x_wconf 89' lang='grc' dir='ltr'>καὶ</span> <span class='ocrx_word' id='word_1_95' title='bbox 512 1937 597 2020; x_wconf 90' lang='grc' dir='ltr'>ᾠδῆς</span> <span class='ocrx_word' id='word_1_96' title='bbox 619 1956 648 2000; x_wconf 89' lang='grc' dir='ltr'>τι</span> <span class='ocrx_word' id='word_1_97' title='bbox 670 1937 773 2014; x_wconf 74' lang='grc' dir='ltr'>γένος.</span> <span class='ocrx_word' id='word_1_98' title='bbox 821 1937 869 2002; x_wconf 84' lang='lat' dir='ltr'>Et</span> <span class='ocrx_word' id='word_1_99' title='bbox 882 1938 940 2003; x_wconf 86' lang='lat' dir='ltr'>M.:</span> <span class='ocrx_word' id='word_1_100' title='bbox 964 1936 1033 2001; x_wconf 78' lang='grc' dir='ltr'>ἔστι</span> <span class='ocrx_word' id='word_1_101' title='bbox 1056 1938 1163 2001; x_wconf 75' lang='grc' dir='ltr'>δὲκαὶ</span> <span class='ocrx_word' id='word_1_102' title='bbox 1186 1940 1271 2023; x_wconf 90' lang='grc' dir='ltr'>ᾠδῆς</span> <span class='ocrx_word' id='word_1_103' title='bbox 1294 1936 1407 2015; x_wconf 86' lang='grc' dir='ltr'>ὄνομα.</span> 
     </span>
     <span class='ocr_line' id='line_1_14' title="bbox 380 2059 1471 2147; baseline 0.002 -22"><span class='ocrx_word' id='word_1_104' title='bbox 380 2059 517 2127; x_wconf 84' lang='lat' dir='ltr'>Constat</span> <span class='ocrx_word' id='word_1_105' title='bbox 538 2062 637 2146; x_wconf 77' lang='lat' dir='ltr'>igitur</span> <span class='ocrx_word' id='word_1_106' title='bbox 659 2083 680 2128; x_wconf 89' lang='lat' dir='ltr'>a</span> <span class='ocrx_word' id='word_1_107' title='bbox 702 2065 830 2129; x_wconf 80' lang='lat' dir='ltr'>msticis</span> <span class='ocrx_word' id='word_1_108' title='bbox 846 2064 1003 2147; x_wconf 88' lang='lat' dir='ltr'>operariis</span> <span class='ocrx_word' id='word_1_109' title='bbox 1017 2064 1097 2129; x_wconf 90' lang='lat' dir='ltr'>illud</span> <span class='ocrx_word' id='word_1_110' title='bbox 1112 2065 1275 2129; x_wconf 82' lang='lat' dir='ltr'>canticum</span> <span class='ocrx_word' id='word_1_111' title='bbox 1293 2069 1471 2146; x_wconf 85' lang='lat' dir='ltr'>acoeptnm</span> 
     </span>
     <span class='ocr_line' id='line_1_15' title="bbox 290 2186 1470 2272; baseline 0.003 -23"><span class='ocrx_word' id='word_1_112' title='bbox 290 2205 373 2251; x_wconf 86' lang='lat' dir='ltr'>esse.</span> <span class='ocrx_word' id='word_1_113' title='bbox 420 2186 515 2251; x_wconf 78' lang='lat' dir='ltr'>Vocis</span> <span class='ocrx_word' id='word_1_114' title='bbox 538 2187 630 2270; x_wconf 86' lang='lat' dir='ltr'>origo</span> <span class='ocrx_word' id='word_1_115' title='bbox 653 2188 816 2254; x_wconf 83' lang='lat' dir='ltr'>Athenaei</span> <span class='ocrx_word' id='word_1_116' title='bbox 837 2189 1022 2263; x_wconf 82' lang='lat' dir='ltr'>testimonio</span> <span class='ocrx_word' id='word_1_117' title='bbox 1045 2190 1125 2253; x_wconf 88' lang='lat' dir='ltr'>satis</span> <span class='ocrx_word' id='word_1_118' title='bbox 1147 2189 1350 2272; x_wconf 84' lang='lat' dir='ltr'>explanatur.</span> <span class='ocrx_word' id='word_1_119' title='bbox 1398 2188 1470 2253; x_wconf 86' lang='lat' dir='ltr'>Sed</span> 
     </span>
     <span class='ocr_line' id='line_1_16' title="bbox 291 2310 1471 2393; baseline 0.001 -18"><span class='ocrx_word' id='word_1_120' title='bbox 291 2329 397 2393; x_wconf 87' lang='lat' dir='ltr'>aeque</span> <span class='ocrx_word' id='word_1_121' title='bbox 428 2330 467 2374; x_wconf 85' lang='lat' dir='ltr'>ae</span> <span class='ocrx_word' id='word_1_122' title='bbox 495 2310 561 2374; x_wconf 91' lang='lat' dir='ltr'>lino</span> <span class='ocrx_word' id='word_1_123' title='bbox 589 2314 623 2375; x_wconf 92' lang='lat' dir='ltr'>et</span> <span class='ocrx_word' id='word_1_124' title='bbox 656 2311 786 2376; x_wconf 90' lang='lat' dir='ltr'>himaeo</span> <span class='ocrx_word' id='word_1_125' title='bbox 820 2312 920 2376; x_wconf 85' lang='lat' dir='ltr'>etiam</span> <span class='ocrx_word' id='word_1_126' title='bbox 953 2312 1020 2376; x_wconf 93' lang='lat' dir='ltr'>iulo</span> <span class='ocrx_word' id='word_1_127' title='bbox 1054 2311 1203 2376; x_wconf 85' lang='lat' dir='ltr'>diversae</span> <span class='ocrx_word' id='word_1_128' title='bbox 1236 2312 1388 2376; x_wconf 85' lang='lat' dir='ltr'>notiones</span> <span class='ocrx_word' id='word_1_129' title='bbox 1424 2313 1471 2376; x_wconf 89' lang='lat' dir='ltr'>ab</span> 
     </span>
     <span class='ocr_line' id='line_1_17' title="bbox 291 2435 1471 2519; baseline 0.001 -20"><span class='ocrx_word' id='word_1_130' title='bbox 291 2436 464 2500; x_wconf 84' lang='lat' dir='ltr'>Athenaeo</span> <span class='ocrx_word' id='word_1_131' title='bbox 498 2435 739 2501; x_wconf 61' lang='lat' dir='ltr'>vindicantur„</span> <span class='ocrx_word' id='word_1_132' title='bbox 771 2435 946 2501; x_wconf 87' lang='lat' dir='ltr'>Sententiis</span> <span class='ocrx_word' id='word_1_133' title='bbox 979 2437 1067 2501; x_wconf 89' lang='lat' dir='ltr'>enim</span> <span class='ocrx_word' id='word_1_134' title='bbox 1101 2457 1201 2519; x_wconf 89' lang='lat' dir='ltr'>supra</span> <span class='ocrx_word' id='word_1_135' title='bbox 1238 2437 1344 2502; x_wconf 83' lang='lat' dir='ltr'>citatis</span> <span class='ocrx_word' id='word_1_136' title='bbox 1383 2437 1471 2501; x_wconf 85' lang='lat' dir='ltr'>haee</span> 
     </span>
     <span class='ocr_line' id='line_1_18' title="bbox 293 2557 1471 2647; baseline 0.002 -23"><span class='ocrx_word' id='word_1_137' title='bbox 293 2560 399 2625; x_wconf 89' lang='lat' dir='ltr'>addit:</span> <span class='ocrx_word' id='word_1_138' title='bbox 423 2558 511 2624; x_wconf 81' lang='grc' dir='ltr'>ἄλλοι</span> <span class='ocrx_word' id='word_1_139' title='bbox 533 2562 569 2626; x_wconf 81' lang='grc' dir='ltr'>δὲ</span> <span class='ocrx_word' id='word_1_140' title='bbox 591 2577 694 2641; x_wconf 88' lang='grc' dir='ltr'>φασιν</span> <span class='ocrx_word' id='word_1_141' title='bbox 717 2562 892 2642; x_wconf 86' lang='grc' dir='ltr'>ἐριουργῶν</span> <span class='ocrx_word' id='word_1_142' title='bbox 915 2557 1065 2642; x_wconf 84' lang='grc' dir='ltr'>εἶναιτὴν</span> <span class='ocrx_word' id='word_1_143' title='bbox 1081 2564 1177 2647; x_wconf 86' lang='grc' dir='ltr'>ᾠδήν,</span> <span class='ocrx_word' id='word_1_144' title='bbox 1201 2568 1234 2629; x_wconf 86' lang='lat' dir='ltr'>et</span> <span class='ocrx_word' id='word_1_145' title='bbox 1248 2564 1348 2645; x_wconf 89' lang='lat' dir='ltr'>paulo</span> <span class='ocrx_word' id='word_1_146' title='bbox 1364 2583 1471 2645; x_wconf 89' lang='lat' dir='ltr'>supra</span> 
     </span>
     <span class='ocr_line' id='line_1_19' title="bbox 293 2684 1470 2768; baseline 0.003 -20"><span class='ocrx_word' id='word_1_147' title='bbox 293 2684 479 2768; x_wconf 80' lang='lat' dir='ltr'>Tryphonis</span> <span class='ocrx_word' id='word_1_148' title='bbox 506 2687 589 2752; x_wconf 86' lang='lat' dir='ltr'>haec</span> <span class='ocrx_word' id='word_1_149' title='bbox 618 2688 719 2752; x_wconf 83' lang='lat' dir='ltr'>rerba</span> <span class='ocrx_word' id='word_1_150' title='bbox 748 2688 849 2752; x_wconf 87' lang='lat' dir='ltr'>allata</span> <span class='ocrx_word' id='word_1_151' title='bbox 879 2691 968 2753; x_wconf 87' lang='lat' dir='ltr'>sunt:</span> <span class='ocrx_word' id='word_1_152' title='bbox 1007 2688 1027 2766; x_wconf 79' lang='grc' dir='ltr'>ἡ</span> <span class='ocrx_word' id='word_1_153' title='bbox 1061 2690 1096 2750; x_wconf 81' lang='grc' dir='ltr'>δὲ</span> <span class='ocrx_word' id='word_1_154' title='bbox 1123 2691 1192 2752; x_wconf 87' lang='grc' dir='ltr'>τῶν</span> <span class='ocrx_word' id='word_1_155' title='bbox 1222 2690 1470 2766; x_wconf 82' lang='grc' dir='ltr'>ταλασιουργῶν</span> 
     </span>
     <span class='ocr_line' id='line_1_20' title="bbox 290 2806 1472 2896; baseline 0.005 -26"><span class='ocrx_word' id='word_1_156' title='bbox 290 2806 410 2888; x_wconf 86' lang='grc' dir='ltr'>ἴουλος.</span> <span class='ocrx_word' id='word_1_157' title='bbox 461 2811 521 2876; x_wconf 92' lang='lat' dir='ltr'>Iuli</span> <span class='ocrx_word' id='word_1_158' title='bbox 554 2833 640 2896; x_wconf 87' lang='lat' dir='ltr'>quae</span> <span class='ocrx_word' id='word_1_159' title='bbox 669 2813 721 2877; x_wconf 92' lang='lat' dir='ltr'>hic</span> <span class='ocrx_word' id='word_1_160' title='bbox 751 2815 891 2895; x_wconf 77' lang='lat' dir='ltr'>apparet</span> <span class='ocrx_word' id='word_1_161' title='bbox 920 2812 1111 2894; x_wconf 79' lang='lat' dir='ltr'>significatio</span> <span class='ocrx_word' id='word_1_162' title='bbox 1145 2831 1252 2895; x_wconf 88' lang='lat' dir='ltr'>neque</span> <span class='ocrx_word' id='word_1_163' title='bbox 1286 2812 1330 2876; x_wconf 91' lang='lat' dir='ltr'>ab</span> <span class='ocrx_word' id='word_1_164' title='bbox 1364 2812 1472 2895; x_wconf 87' lang='lat' dir='ltr'>ipsius</span> 
     </span>
     <span class='ocr_line' id='line_1_21' title="bbox 292 2933 1471 3018; baseline 0.003 -21"><span class='ocrx_word' id='word_1_165' title='bbox 292 2934 383 2999; x_wconf 78' lang='lat' dir='ltr'>verbi</span> <span class='ocrx_word' id='word_1_166' title='bbox 422 2933 558 2999; x_wconf 87' lang='lat' dir='ltr'>historia</span> <span class='ocrx_word' id='word_1_167' title='bbox 596 2935 699 3017; x_wconf 88' lang='lat' dir='ltr'>repeti</span> <span class='ocrx_word' id='word_1_168' title='bbox 733 2954 841 3018; x_wconf 86' lang='lat' dir='ltr'>neque</span> <span class='ocrx_word' id='word_1_169' title='bbox 875 2934 1068 3015; x_wconf 84' lang='lat' dir='ltr'>scriptorum</span> <span class='ocrx_word' id='word_1_170' title='bbox 1098 2934 1300 3016; x_wconf 76' lang='lat' dir='ltr'>argumentis</span> <span class='ocrx_word' id='word_1_171' title='bbox 1329 2933 1471 3001; x_wconf 83' lang='lat' dir='ltr'>enodau&#39;</span> 
     </span>
     <span class='ocr_line' id='line_1_22' title="bbox 292 3062 409 3142; baseline 0 -19"><span class='ocrx_word' id='word_1_172' title='bbox 292 3062 409 3142; x_wconf 83' lang='lat' dir='ltr'>potest</span> 
     </span>
    </p>
   </div>
   <div class='ocr_carea' id='block_1_5' title="bbox 292 3323 1474 3792">
    <p class='ocr_par' dir='ltr' id='par_1_5' title="bbox 383 3323 1169 3396">
     <span class='ocr_line' id='line_1_23' title="bbox 383 3323 1169 3396; baseline -0.015 -10"><span class='ocrx_word' id='word_1_173' title='bbox 383 3331 393 3362; x_wconf 88' lang='lat'><strong>¹</strong></span> <span class='ocrx_word' id='word_1_174' title='bbox 412 3336 556 3396; x_wconf 82' lang='grc' dir='ltr'>πετειῑινος</span> <span class='ocrx_word' id='word_1_175' title='bbox 573 3331 634 3384; x_wconf 83' lang='lat' dir='ltr'>cod.</span> <span class='ocrx_word' id='word_1_176' title='bbox 646 3330 774 3382; x_wconf 77' lang='lat' dir='ltr'>[ament</span> <span class='ocrx_word' id='word_1_177' title='bbox 792 3330 938 3389; x_wconf 87' lang='grc' dir='ltr'>ττυλειδνος</span> <span class='ocrx_word' id='word_1_178' title='bbox 956 3324 1039 3377; x_wconf 84' lang='lat' dir='ltr'>schol.</span> <span class='ocrx_word' id='word_1_179' title='bbox 1052 3323 1169 3375; x_wconf 78' lang='lat' dir='ltr'>Floreat.</span> 
     </span>
    </p>

    <p class='ocr_par' dir='ltr' id='par_1_6' title="bbox 292 3422 1474 3693">
     <span class='ocr_line' id='line_1_24' title="bbox 385 3422 1474 3496; baseline -0.006 -14"><span class='ocrx_word' id='word_1_180' title='bbox 385 3427 397 3460; x_wconf 75' lang='lat'>‘</span> <span class='ocrx_word' id='word_1_181' title='bbox 415 3429 530 3496; x_wconf 67' lang='lat' dir='ltr'>Hesych.</span> <span class='ocrx_word' id='word_1_182' title='bbox 543 3445 565 3480; x_wconf 79' lang='lat' dir='ltr'>s</span> <span class='ocrx_word' id='word_1_183' title='bbox 578 3443 604 3479; x_wconf 83' lang='lat' dir='ltr'>r.</span> <span class='ocrx_word' id='word_1_184' title='bbox 623 3424 797 3489; x_wconf 74' lang='grc' dir='ltr'>δενδαλιδαςε</span> <span class='ocrx_word' id='word_1_185' title='bbox 816 3424 844 3476; x_wconf 86' lang='grc' dir='ltr'>οἱ</span> <span class='ocrx_word' id='word_1_186' title='bbox 862 3425 913 3488; x_wconf 81' lang='grc' dir='ltr'>μὲν</span> <span class='ocrx_word' id='word_1_187' title='bbox 932 3424 1020 3486; x_wconf 75' lang='grc' dir='ltr'>ἄνθος</span> <span class='ocrx_word' id='word_1_188' title='bbox 1037 3439 1071 3483; x_wconf 85' lang='grc' dir='ltr'>τι.</span> <span class='ocrx_word' id='word_1_189' title='bbox 1090 3424 1169 3475; x_wconf 72' lang='grc' dir='ltr'>ἄλλοι</span> <span class='ocrx_word' id='word_1_190' title='bbox 1180 3423 1231 3486; x_wconf 78' lang='grc' dir='ltr'>τὰς</span> <span class='ocrx_word' id='word_1_191' title='bbox 1243 3424 1343 3486; x_wconf 74' lang='grc' dir='ltr'>λευκὰς</span> <span class='ocrx_word' id='word_1_192' title='bbox 1356 3422 1474 3488; x_wconf 78' lang='grc' dir='ltr'>κάχρυς,</span> 
     </span>
     <span class='ocr_line' id='line_1_25' title="bbox 293 3521 1474 3592; baseline -0.009 -10"><span class='ocrx_word' id='word_1_193' title='bbox 293 3530 320 3582; x_wconf 85' lang='grc' dir='ltr'>οἱ</span> <span class='ocrx_word' id='word_1_194' title='bbox 339 3531 370 3582; x_wconf 82' lang='grc' dir='ltr'>δὲ</span> <span class='ocrx_word' id='word_1_195' title='bbox 389 3530 439 3592; x_wconf 83' lang='grc' dir='ltr'>τιλς</span> <span class='ocrx_word' id='word_1_196' title='bbox 456 3528 621 3591; x_wconf 82' lang='grc' dir='ltr'>ἐπτισμένας</span> <span class='ocrx_word' id='word_1_197' title='bbox 633 3526 730 3591; x_wconf 74' lang='grc' dir='ltr'>κριθὰς</span> <span class='ocrx_word' id='word_1_198' title='bbox 747 3525 804 3590; x_wconf 81' lang='grc' dir='ltr'>πρὸ</span> <span class='ocrx_word' id='word_1_199' title='bbox 823 3527 875 3575; x_wconf 78' lang='grc' dir='ltr'>τοῦ</span> <span class='ocrx_word' id='word_1_200' title='bbox 888 3525 1037 3588; x_wconf 84' lang='grc' dir='ltr'>φρυγῆναι,</span> <span class='ocrx_word' id='word_1_201' title='bbox 1056 3521 1083 3573; x_wconf 89' lang='grc' dir='ltr'>οἱ</span> <span class='ocrx_word' id='word_1_202' title='bbox 1095 3522 1126 3574; x_wconf 85' lang='grc' dir='ltr'>δέ</span> <span class='ocrx_word' id='word_1_203' title='bbox 1139 3523 1188 3584; x_wconf 77' lang='grc' dir='ltr'>τὰς</span> <span class='ocrx_word' id='word_1_204' title='bbox 1206 3522 1239 3573; x_wconf 80' lang='grc' dir='ltr'>ἐκ</span> <span class='ocrx_word' id='word_1_205' title='bbox 1252 3523 1362 3586; x_wconf 79' lang='grc' dir='ltr'>κριθῶν</span> <span class='ocrx_word' id='word_1_206' title='bbox 1381 3521 1474 3586; x_wconf 74' lang='grc' dir='ltr'>μάζας</span> 
     </span>
     <span class='ocr_line' id='line_1_26' title="bbox 292 3629 452 3693; baseline -0.013 -12"><span class='ocrx_word' id='word_1_207' title='bbox 292 3629 452 3693; x_wconf 81' lang='grc' dir='ltr'>γενομένας.</span> 
     </span>
    </p>

    <p class='ocr_par' dir='ltr' id='par_1_7' title="bbox 387 3722 1308 3792">
     <span class='ocr_line' id='line_1_27' title="bbox 387 3722 1308 3792; baseline -0.008 -9"><span class='ocrx_word' id='word_1_208' title='bbox 387 3728 474 3783; x_wconf 72' lang='lat' dir='ltr'>‘Hos</span> <span class='ocrx_word' id='word_1_209' title='bbox 492 3746 587 3782; x_wconf 75' lang='lat' dir='ltr'>uersus</span> <span class='ocrx_word' id='word_1_210' title='bbox 604 3729 715 3783; x_wconf 68' lang='lat' dir='ltr'>&#39;izenes</span> <span class='ocrx_word' id='word_1_211' title='bbox 732 3728 762 3781; x_wconf 95' lang='lat' dir='ltr'>in</span> <span class='ocrx_word' id='word_1_212' title='bbox 780 3727 865 3780; x_wconf 81' lang='lat' dir='ltr'>schol.</span> <span class='ocrx_word' id='word_1_213' title='bbox 879 3726 913 3778; x_wconf 89' lang='lat' dir='ltr'>ad</span> <span class='ocrx_word' id='word_1_214' title='bbox 932 3724 1063 3792; x_wconf 75' lang='lat' dir='ltr'>Lycophr.</span> <span class='ocrx_word' id='word_1_215' title='bbox 1077 3724 1111 3776; x_wconf 69' lang='lat'>23</span> <span class='ocrx_word' id='word_1_216' title='bbox 1130 3724 1168 3777; x_wconf 83' lang='lat' dir='ltr'>sie</span> <span class='ocrx_word' id='word_1_217' title='bbox 1186 3722 1308 3776; x_wconf 81' lang='lat' dir='ltr'>tradidit:</span> 
     </span>
    </p>
   </div>
   <div class='ocr_carea' id='block_1_6' title="bbox 454 3852 1120 4017">
    <p class='ocr_par' dir='ltr' id='par_1_8' title="bbox 454 3852 1120 4017">
     <span class='ocr_line' id='line_1_28' title="bbox 455 3852 1102 3920; baseline -0.011 0"><span class='ocrx_word' id='word_1_218' title='bbox 455 3856 487 3907; x_wconf 80' lang='grc' dir='ltr'>Ἦ</span> <span class='ocrx_word' id='word_1_219' title='bbox 505 3855 631 3920; x_wconf 66' lang='lat' dir='ltr'>nodos</span> <span class='ocrx_word' id='word_1_220' title='bbox 649 3855 742 3919; x_wconf 68' lang='grc' dir='ltr'>ἔριδος</span> <span class='ocrx_word' id='word_1_221' title='bbox 759 3852 808 3917; x_wconf 78' lang='grc' dir='ltr'>ἐφ’</span> <span class='ocrx_word' id='word_1_222' title='bbox 826 3853 938 3916; x_wconf 71' lang='grc' dir='ltr'>ὑψηλοῦ</span> <span class='ocrx_word' id='word_1_223' title='bbox 956 3852 1102 3913; x_wconf 59' lang='lat' dir='ltr'>mucoso&lt;</span> 
     </span>
     <span class='ocr_line' id='line_1_29' title="bbox 454 3948 1120 4017; baseline -0.011 -11"><span class='ocrx_word' id='word_1_224' title='bbox 454 3954 602 4017; x_wconf 86' lang='grc' dir='ltr'>Δανδαίτις</span> <span class='ocrx_word' id='word_1_225' title='bbox 620 3952 770 4017; x_wconf 83' lang='grc' dir='ltr'>στείχουσα</span> <span class='ocrx_word' id='word_1_226' title='bbox 787 3952 872 4014; x_wconf 78' lang='grc' dir='ltr'>καλὰς</span> <span class='ocrx_word' id='word_1_227' title='bbox 890 3950 983 4014; x_wconf 86' lang='grc' dir='ltr'>ῆειδεν</span> <span class='ocrx_word' id='word_1_228' title='bbox 1002 3948 1120 4011; x_wconf 84' lang='grc' dir='ltr'>ἰούλους,</span> 
     </span>
    </p>
   </div>
   <div class='ocr_carea' id='block_1_7' title="bbox 296 4084 730 4154">
    <p class='ocr_par' dir='ltr' id='par_1_9' title="bbox 296 4084 730 4154">
     <span class='ocr_line' id='line_1_30' title="bbox 296 4084 730 4154; baseline -0.007 -15"><span class='ocrx_word' id='word_1_229' title='bbox 296 4092 323 4140; x_wconf 81' lang='lat' dir='ltr'>et</span> <span class='ocrx_word' id='word_1_230' title='bbox 341 4086 428 4154; x_wconf 75' lang='lat' dir='ltr'>Etym.</span> <span class='ocrx_word' id='word_1_231' title='bbox 441 4085 531 4152; x_wconf 70' lang='lat' dir='ltr'>Magn.</span> <span class='ocrx_word' id='word_1_232' title='bbox 544 4102 565 4138; x_wconf 81' lang='lat' dir='ltr'>a</span> <span class='ocrx_word' id='word_1_233' title='bbox 578 4100 605 4137; x_wconf 76' lang='lat' dir='ltr'>u.</span> <span class='ocrx_word' id='word_1_234' title='bbox 623 4084 730 4148; x_wconf 62' lang='grc' dir='ltr'>ἴουλος</span> 
     </span>
    </p>
   </div>
   <div class='ocr_carea' id='block_1_8' title="bbox 454 4211 1173 4377">
    <p class='ocr_par' dir='ltr' id='par_1_10' title="bbox 454 4211 1173 4377">
     <span class='ocr_line' id='line_1_31' title="bbox 454 4211 1057 4277; baseline -0.003 -14"><span class='ocrx_word' id='word_1_235' title='bbox 454 4213 492 4263; x_wconf 68' lang='grc' dir='ltr'>Ἠ</span> <span class='ocrx_word' id='word_1_236' title='bbox 510 4214 637 4277; x_wconf 82' lang='grc' dir='ltr'>χερνῆτις</span> <span class='ocrx_word' id='word_1_237' title='bbox 654 4211 722 4274; x_wconf 79' lang='grc' dir='ltr'>θεός</span> <span class='ocrx_word' id='word_1_238' title='bbox 740 4211 787 4274; x_wconf 81' lang='grc' dir='ltr'>ἐφ’</span> <span class='ocrx_word' id='word_1_239' title='bbox 806 4212 918 4275; x_wconf 81' lang='grc' dir='ltr'>ὑψηλοῦ</span> <span class='ocrx_word' id='word_1_240' title='bbox 937 4211 1057 4272; x_wconf 81' lang='grc' dir='ltr'>ἐλεῶυος</span> 
     </span>
     <span class='ocr_line' id='line_1_32' title="bbox 455 4307 1173 4377; baseline -0.007 -12"><span class='ocrx_word' id='word_1_241' title='bbox 455 4313 603 4376; x_wconf 82' lang='grc' dir='ltr'>Δανδαίτις</span> <span class='ocrx_word' id='word_1_242' title='bbox 621 4310 776 4377; x_wconf 78' lang='grc' dir='ltr'>στείχουσα.</span> <span class='ocrx_word' id='word_1_243' title='bbox 797 4313 880 4375; x_wconf 75' lang='grc' dir='ltr'>καλὰς</span> <span class='ocrx_word' id='word_1_244' title='bbox 900 4307 925 4363; x_wconf 81' lang='grc' dir='ltr'>δ’</span> <span class='ocrx_word' id='word_1_245' title='bbox 944 4312 1037 4377; x_wconf 80' lang='grc' dir='ltr'>ῆειδεν</span> <span class='ocrx_word' id='word_1_246' title='bbox 1055 4309 1173 4373; x_wconf 82' lang='grc' dir='ltr'>ἰούλους.</span> 
     </span>
    </p>
   </div>
   <div class='ocr_carea' id='block_1_9' title="bbox 1564 1380 1566 1479">
    <p class='ocr_par' dir='ltr' id='par_1_11' title="bbox 1564 1380 1566 1479">
     <span class='ocr_line' id='line_1_33' title="bbox 1564 1380 1566 1479; baseline 0 0"><span class='ocrx_word' id='word_1_247' title='bbox 1564 1380 1566 1479; x_wconf 86' lang='lat' dir='ltr'>l</span> 
     </span>
    </p>
   </div>
   <div class='ocr_carea' id='block_1_10' title="bbox 0 0 1591 4942">
    <p class='ocr_par' dir='ltr' id='par_1_12' title="bbox 0 0 1591 4942">
     <span class='ocr_line' id='line_1_34' title="bbox 0 0 1591 4942; baseline 0 0"><span class='ocrx_word' id='word_1_248' title='bbox 0 0 1591 4942; x_wconf 95' lang='lat' dir='ltr'> </span> 
     </span>
    </p>
   </div>
  </div>
 </body>
</html>
