3159 4942
521 236 817 301 ,-49..

124 458 145 501 a
169 436 318 502 Charone
341 458 460 502 navem
483 438 682 521 propellente
706 459 877 521 expressas
900 440 982 504 haec
1005 442 1176 524 adscripsit
1199 442 1293 507 scho-

123 562 233 626 liasta:
259 561 346 625 ὠόπ·
372 561 513 625 ἐλατικὸν
536 562 725 641 ἐπίφθεγμα.
771 566 927 640 ναυτικῶς
951 562 1009 626 οὖν
1033 563 1168 627 κελεύων
1192 563 1291 626 ταῡτά
1315 617 1320 626 .

124 701 215 765 φησι.
261 687 369 770 Atque
393 686 589 752 concesseris
612 685 740 750 illarum
762 687 1035 751 exclamationum
1057 707 1224 752 numeros:

533 895 677 915 -υυ
708 895 845 914 -Κλψ

125 1048 201 1127 apte
236 1047 408 1109 convenire
439 1046 482 1109 ad
509 1045 668 1126 remigum
696 1046 850 1120 actiones
880 1046 917 1122 si,
946 1048 982 1108 ut
1004 1044 1189 1127 Xenophon
1217 1045 1295 1108 dicit

125 1172 211 1255 (Oec.
229 1172 298 1235 VIII
315 1168 348 1251 8)
372 1172 406 1235 ἐν
430 1171 513 1237 τάξει
535 1171 759 1250 προνεύουσιν,
784 1171 818 1234 ἐν
842 1171 924 1237 τάξει
948 1166 977 1234 δ’
1001 1170 1243 1235 ἀναπίπτουσιν.

214 1300 250 1362 In
274 1298 466 1380 explicando
489 1318 587 1380 porro
610 1298 764 1381 Equitum
786 1318 817 1360 ν.
835 1298 914 1363 602:

286 1421 420 1486 ἱππαπαῖ
442 1423 489 1500 τίς
512 1422 646 1502 ἐμβαλεῖ;

126 1570 147 1612 a
175 1549 350 1613 scholiasta
376 1550 535 1630 remigum
562 1549 663 1612 verba
691 1548 855 1626 ῥυππαπαί
882 1550 916 1612 in
943 1551 1134 1614 memoriam
1163 1551 1209 1614 sic
1239 1571 1296 1615 νο-

126 1679 255 1740 cantur:
279 1675 317 1737 τὸ
342 1676 375 1737 δὲ
399 1673 533 1737 ίππαπαὶ
557 1673 661 1738 ἔπαιζε
684 1674 771 1752 παρὰ
794 1674 831 1737 τὸ
849 1672 1012 1751 ῥυππαπαὶ
1028 1671 1159 1752 εἰρηκὼς
1183 1674 1229 1752 ὡς
1245 1674 1295 1737 ἐπὶ

120 1797 242 1862 ίππιιιν.
276 1798 343 1862 ἔστι
359 1800 393 1861 δὲ
408 1799 445 1862 τὸ
461 1797 625 1876 ῥυππαπαὶ
649 1798 837 1877 ἐπιφώνημα
859 1797 1016 1861 ναυτικόν.
1047 1798 1066 1874 ἢ
1090 1796 1204 1876 ψόφου
1229 1797 1296 1861 ἐστὶ

125 1922 241 2000 μίμημα
256 1920 320 1985 ἀπὸ
333 1926 399 1985 τῶν
412 1926 530 1986 κωπῶν
541 1921 806 1998 ἀποτελουμὲνου.
832 1922 1014 1986 Scholiasta
1025 1923 1132 2005 potuit
1142 1921 1295 1986 scribere:

125 2046 186 2107 καὶ
214 2044 328 2123 ψόφου
357 2044 425 2107 ἐστὶ
448 2044 572 2124 μίμημα.
619 2045 705 2109 Nam
727 2046 800 2128 ipsa
826 2046 882 2109 illa
910 2045 1090 2127 crepituum
1117 2045 1296 2111 imitatione

125 2173 348 2254 operariorum
373 2172 553 2236 cantilenae
576 2170 794 2253 insigniuntur
816 2174 849 2235 et
872 2171 1122 2253 conspiciuntur.

215 2296 323 2378 Atque
347 2296 390 2360 ab
413 2297 485 2377 ipso
508 2296 729 2378 Aristophane
752 2297 807 2360 illa
830 2297 988 2378 remigum
1012 2296 1204 2361 exclamatio
1220 2295 1297 2374 ῥυπ-

125 2419 226 2481 παπαῖ
248 2420 281 2482 in
308 2420 393 2483 Rau.
410 2440 440 2484 ν.
460 2421 545 2485 1073
569 2425 851 2498 commemoratur,
875 2421 931 2485 ubi
951 2421 1130 2504 Aeschylus
1151 2422 1191 2485 de
1219 2422 1296 2486 sirn-

125 2544 261 2625 plicibus
277 2548 310 2608 et
326 2545 473 2609 demissis
489 2546 633 2628 priorum
649 2550 833 2627 temporum
849 2547 957 2609 nautis
973 2546 1055 2609 haec
1077 2546 1153 2609 facit
1176 2545 1293 2611 verba:

248 2697 306 2761 οὐκ
329 2691 496 2776 ἠπίσταντ’
520 2691 587 2759 ἀλλ’
611 2697 630 2773 ἢ
653 2699 753 2776 μᾶζαν
776 2696 905 2759 καλέσαι
928 2694 977 2757 καὶ
1001 2693 1166 2772 ῥυππαπαῖ
1189 2691 1293 2759 εἰπεῖν.

124 2856 230 2934 Quem
258 2855 301 2919 ad
329 2874 459 2919 versum
490 2852 665 2918 scholiasta
693 2848 878 2917 adnotaviti
908 2845 1110 2929 Ἐπίφθεγμα
1136 2849 1293 2924 ναυτικὸν,

124 2979 420 3057 παρασκευαστικὸν
448 2975 652 3053 κωπηλασίας
675 2975 712 3038 τὸ
737 2974 911 3052 ῥυππαπαῖ.
936 2973 1192 3052 -ἐπιφώνημα
1219 2993 1293 3038 ναυ-

123 3101 210 3166 τικόν
232 3103 286 3167 Br.

212 3407 414 3472 Testimonia
437 3408 554 3471 Latina
578 3408 686 3472 adhuc
713 3407 828 3473 viliora
858 3407 968 3485 habui,
1003 3426 1103 3490 quarn
1132 3412 1168 3481 ut
1195 3408 1233 3470 iis
1261 3408 1295 3471 in

123 3535 174 3599 his
209 3535 337 3618 paginis
371 3535 531 3616 insignem
565 3533 745 3598 dediderim
772 3534 889 3598 locum.
936 3533 984 3599 Ea
1012 3537 1131 3611 autem,
1161 3553 1246 3617 quae
1274 3554 1309 3631 a.

122 3660 349 3725 Romanorum
372 3660 582 3742 scriptoribus
610 3661 651 3725 de
683 3660 821 3726 nauticis
850 3659 1017 3723 cantilenis
1048 3663 1177 3724 servata
1208 3663 1293 3737 sunt,

122 3787 230 3851 minus
258 3789 375 3869 exigua
397 3787 558 3864 videntur,
587 3807 660 3851 curn
688 3788 901 3870 comparandi
929 3789 1086 3870 optimam
1114 3789 1295 3871 praebeant

123 3911 336 3976 occasionem.
384 3912 497 3994 Itaque
521 3913 547 3974 si
570 3912 605 3974 in
627 3912 817 3976 excursione
841 3931 881 3974 ea
896 3913 1035 3975 tractare
1053 3911 1169 3989 audeo,
1193 3931 1234 3975 ne
1251 3911 1293 3975 ab

82 4119 85 4128 Ι
116 4039 220 4105 -huius
232 4039 468 4104 dissertationis
484 4039 617 4103 consilio
633 4042 666 4102 et
681 4038 807 4101 ratione
825 4036 952 4114 abeam,
969 4037 1023 4100 vix
1038 4041 1088 4101 est
1103 4037 1293 4103 timendum.

212 4164 310 4244 Apud
333 4164 502 4227 Romanos
530 4164 674 4246 pausarii
703 4163 884 4244 remigandi
912 4181 1013 4244 opera
1032 4163 1077 4225 sic
1101 4161 1294 4243 dirigebant,

121 4294 159 4355 ut
182 4289 325 4372 scipione
348 4289 511 4373 pulsando
533 4289 650 4354 modos
673 4289 865 4353 indicarent.
912 4288 1063 4354 Nonius
1086 4286 1293 4352 Marcellus

1160 4414 1188 4458 4*
