3159 4942
768 252 993 314 -16-

300 444 445 521 fuissent‚
470 447 506 508 ut
522 444 794 526 distinguentibus
818 445 1016 527 quibusdam
1038 446 1266 511 notionibus
1289 466 1373 528 opus
1397 464 1470 509 esse

298 568 337 630 iis
362 568 534 634 videretur.

387 691 434 756 Ex
452 694 569 758 iisdem
584 695 738 774 fontibus
763 695 819 778 qui
835 696 1005 761 Athenaeo
1020 701 1114 761 erant
1130 696 1173 761 ad
1188 716 1316 776 munus,
1333 696 1476 761 Pollux

298 817 336 880 in
360 816 529 890 Onomast.
546 818 588 881 lV
605 819 647 882 53
664 839 736 902 sqq.
761 839 855 884 suain
871 819 1052 885 docuinam
1068 821 1216 886 hausisse
1232 822 1369 886 videtur.
1401 821 1477 898 Quo

298 940 368 1006 loco
392 943 533 1025 primum
556 946 589 1007 et
619 943 683 1008 alia
714 963 834 1025 genera
866 946 1046 1009 canninum
1076 950 1108 1009 et
1137 946 1218 1011 haer
1248 944 1475 1027 operariorum

298 1067 425 1131 cantica
459 1065 721 1132 enumerantur¹:
757 1067 912 1145 ἐπιλήνια,
947 1067 1112 1147 ἐπιλοίμια,
1145 1068 1339 1147 ἐμβατήρια,
1359 1067 1474 1140 ἴουλοι,

297 1190 445 1268 ούλαμοί,
478 1189 639 1266 οὔπιγγοι,
669 1190 772 1268 λίνος,
804 1193 922 1256 deinde
951 1193 1015 1257 hae
1050 1194 1229 1258 sententiae
1266 1196 1474 1257 asseruntur:

296 1316 456 1392 ἐπιμύλιος
480 1317 546 1400 ᾡδή
577 1315 676 1394 ἱμαλὶς
699 1317 748 1379 καὶ
772 1315 890 1394 ἱμαῖος,
922 1312 992 1380 ὁδ’
1017 1318 1105 1400 ᾄδων
1135 1317 1285 1396 ἱμαοιδός.
1333 1319 1475 1397 βῶριμος

297 1443 331 1503 δέ
362 1442 597 1521 Μαριανδύνων
627 1446 780 1520 γεωργῶν
798 1442 914 1524 ’·ᾄσμα,
946 1443 992 1520 ῶς
1023 1442 1201 1518 Αἰγυπτίων
1231 1424 1396 1523 μανέρως,
1424 1445 1475 1507 καὶ

296 1568 464 1646 λιτυέρσας
494 1567 641 1645 Φρυγῶν.
689 1563 755 1631 ἀλλ’
786 1565 970 1645 Αἰγυπτίοις
995 1571 1050 1647 μὲν
1081 1568 1100 1630 ὁ
1131 1569 1288 1647 Μανέρως
1317 1569 1475 1647 γεωργίας

296 1691 439 1770 εὑρετής,
466 1691 612 1756 Μουσῶν
635 1693 787 1771 μαθητής,
813 1691 988 1769 Λιτυέρσας
1018 1695 1052 1755 δέ
1082 1691 1212 1771 Φρυξίν·
1249 1691 1278 1756 ol
1309 1687 1337 1755 δ’
1373 1692 1474 1757 αὐτὸν

297 1816 399 1879 Μίδου
423 1819 519 1879 παῖδα
548 1810 626 1879 εἶναι
655 1817 812 1891 λέγουσιν,
842 1814 886 1893 εἰς
916 1816 980 1893 ἐριν
1010 1787 1046 1879 δ’Ι
1062 1815 1182 1895 ἀμητοῦ
1213 1818 1474 1895 προκαλούμενον

297 1944 498 2017 μαστιγῶσαι
532 1941 609 2018 τοὺς
642 1939 833 2016 ἐνδιδόντας,
870 1941 1033 2022 βιαιοτέρῳ
1064 1935 1092 2002 δ’
1123 1939 1223 2024 ἀμήτῃ
1257 1941 1475 2019 περιπεσόντα

297 2065 396 2130 αύτὸν
420 2067 564 2131 θάνατον
587 2070 711 2131 παθεῖν.
752 2066 782 2130 οἱ
805 2061 834 2130 δ”
859 2062 1011 2145 Ἡρακλέα
1033 2071 1224 2144 γεγενῆσθαι
1247 2068 1305 2131 τὸν
1329 2066 1474 2150 ἀποκτεί·
1574 2084 1575 2087 ’

296 2211 397 2254 νοντα
420 2190 518 2254 αὐτὸν
541 2192 698 2266 λέγουσιν.
745 2193 839 2274 ᾔδετο
867 2186 895 2253 δ’
920 2190 938 2253 ὁ
962 2195 1083 2270 θρῆνος
1106 2191 1175 2268 περὶ
1197 2192 1255 2269 τὰς
1278 2190 1364 2269 ἅλως
1394 2192 1475 2254 κατὰ

297 2316 335 2378 τὸ
366 2316 464 2394 θέρος
494 2315 543 2377 ἐπὶ
574 2315 676 2378 Μίδου
709 2315 902 2398 παραμυθίᾳ.
957 2314 975 2378 ὁ
1005 2318 1040 2378 δέ
1070 2316 1214 2394 Βώριμος
1243 2315 1282 2393 ἢν
1313 2311 1394 2379 Ἰόλα
1424 2316 1475 2379 καὶ
1574 2346 1575 2391 γ

298 2439 523 2518 Μαριανδύνου
547 2439 696 2518 ἀδελφός,
722 2438 844 2502 Οὐπίου
869 2441 1023 2518 βασιλέως
1046 2443 1129 2516 παῖς,
1153 2439 1188 2503 ἐν
1203 2440 1288 2522 θήρᾳ
1311 2441 1387 2517 νέος
1403 2440 1476 2524 ὥρᾳ
1574 2408 1575 2415 ¹

296 2564 415 2642 θέρους
430 2562 619 2628 ἀποθανών.
651 2567 772 2641 τιμᾶται
788 2567 822 2627 δὲ
837 2566 995 2647 θρηνῲδει
1013 2564 1083 2641 περὶ
1098 2565 1155 2642 τήν
1171 2563 1326 2642 γεωργίαν
1345 2563 1473 2645 ᾄσματι.

298 2686 337 2764 ἢν
361 2689 396 2750 δέ
418 2708 447 2750 τι
470 2688 519 2750 καὶ
542 2687 758 2770 ἀλῆτιςβσμα
781 2691 849 2765 ταῖς
872 2687 1002 2766 αἰώραις
1018 2688 1273 2770 προσᾳδόμενον,
1298 2688 1475 2764 Θεοδώρου

299 2814 416 2892 ποίημα
431 2817 490 2877 τού
507 2814 725 2893 Κολοφωνίου.
761 2814 811 2876 καί
834 2835 862 2877 τι
877 2815 926 2877 καὶ
949 2814 1106 2891 ἐπιλήνιον
1123 2813 1244 2891 αὔλημα
1260 2813 1309 2876 ἐπὶ
1326 2814 1476 2892 βοτρύων

300 2939 509 3016 θλιβομένων,
533 2938 581 3000 καὶ
605 2938 715 3015 ἕτερον
737 2937 911 3013 πτιστικόν,
944 2938 990 3015 ῶς
1013 2937 1195 3017 Φρύνιχος
1225 2939 1260 3001 ἐν
1285 2939 1476 3016 Κωμασταῖς
1574 2978 1575 2981 =

300 3078 401 3141 φησιν
425 3062 444 3125 ὁ
467 3063 602 3140 κωμικός
626 3063 652 3146 (I
676 3064 749 3141 374,
774 3064 812 3127 fr.
833 3060 960 3143 14111·

457 3187 521 3262 ἐγὼ
546 3190 581 3250 δέ
602 3191 670 3251 νῶν
694 3189 730 3265 δὴ
755 3190 883 3265 τερετιῶ
907 3207 936 3251 τι
958 3186 1135 3250 πτιστικόν·

295 3328 344 3389 καὶ
362 3327 539 3406 Νικοφῶν
562 3327 597 3390 ἐν
619 3330 687 3404 τοῖς
702 3326 972 3404 Χειρογάστορσιν
995 3325 1114 3408 (1779,
1136 3328 1173 3391 fr.
1194 3329 1232 3392 17
1251 3324 1317 3408 K.)·

455 3445 521 3514 ἀλλ’
545 3449 590 3512 ἴθι
613 3451 845 3528 προσαύλησον
869 3450 911 3512 σὺ
934 3454 1002 3531 νῷν
1026 3449 1162 3528 πτισμόν
1186 3471 1264 3515 τινα.

384 3602 433 3663 καὶ
462 3600 582 3678 ἐρετικὰ
610 3601 646 3678 δή
674 3593 732 3663 τιν’
757 3598 919 3677 αὐλήματα
946 3601 995 3663 καὶ
1025 3601 1195 3679 ποιμενικόι.
1243 3596 1476 3681 Ἐπίχαρμος

297 3730 332 3790 δέ
356 3725 382 3809 (Ι
406 3728 480 3803 779,
506 3727 543 3790 sr.
562 3726 626 3790 710
642 3721 750 3806 Kaio.)
781 3726 830 3788 καὶ
854 3725 1001 3789 πυκτικόν
1025 3746 1052 3788 τι
1076 3727 1168 3804 μέλος
1192 3726 1356 3790 αύλείσθαί
1379 3743 1474 3806 φησι,

296 3851 456 3915 Πλάτων
481 3844 510 3912 δ’
534 3850 553 3911 δ
575 3848 711 3926 κωμικός
741 3847 766 3930 (Ι
790 3851 866 3928 659,
890 3850 926 3913 fr.
945 3850 1006 3912 711
1026 3846 1078 3930 Κ.)
1108 3851 1157 3912 καὶ
1181 3849 1373 3929 συβωτικόν·

455 3992 504 4056 ότι
527 3989 556 4055 δ’
580 3992 619 4056 ἂν
642 3993 661 4070 ἡ
686 3993 857 4070 συβῶτρια,
882 3986 950 4069 μηδ’
973 3970 1079 4070 όιγαθή
1103 3992 1227 4067 γένοιτό
1252 4013 1303 4070 μοι

455 4119 534 4198 ἐχειν
558 4120 642 4180 δοκεῖ
665 4138 715 4194 μοι
739 4117 913 4193 δακτύλους
936 4115 1129 4195 αὐλητικούς.

383 4301 390 4332 ¹
412 4294 482 4347 lirici
501 4293 605 4346 Belhe
624 4306 724 4358 sequor
741 4290 886 4343 lectionem
905 4291 1018 4354 (Pollux,
1031 4296 1097 4345 torn.
1110 4293 1185 4359 prior
1203 4292 1309 4359 Lipsiae
1330 4293 1420 4357 1900).
