3159 4942
769 224 987 288 ’.46-

288 422 375 487 enim
398 426 435 487 ut
458 425 539 489 alios
561 425 677 490 modos
700 425 877 509 populares
898 427 944 491 ita
966 426 1037 491 illos
1053 438 1128 491 ‘non
1143 427 1260 509 dignos
1277 426 1473 502 habebant·

289 567 372 630 quos
394 547 508 625 litteris
531 554 710 614 servarent.
757 550 853 628 Quod
881 555 992 617 autem
1015 552 1177 617 Antonius
1199 552 1374 634 Naegele
1396 550 1420 615 l.
1441 557 1470 615 c.

288 694 320 756 p.
348 674 410 738 106
440 694 489 757 sq.
520 694 581 740 nos
610 679 744 741 revocat
775 677 818 741 ad
848 677 985 743 Theocr.
1016 678 1062 743 Id.
1086 677 1191 741 XXIV
1221 697 1252 741 v.
1276 678 1295 741 7
1322 698 1396 760 sqq.
1436 679 1472 739 et
1555 655 1556 658 Ἴ

289 798 440 882 Sophocl.
465 798 601 873 Philoct.
626 820 656 865 ν.
675 801 738 866 827
762 811 835 884 sqq.
859 805 892 867 et
915 802 1024 886 Eurip.
1049 801 1153 868 Orest.
1177 814 1208 867 v.
1229 804 1292 869 174
1315 824 1400 886 sqq„
1434 803 1471 866 in

289 924 339 988 his
364 924 562 988 carminibus
586 944 652 988 non
675 925 768 989 facile
792 926 955 992 inveneris
982 927 1149 992 modestos
1172 928 1337 1012 quosdam
1360 928 1472 991 nutri·

290 1048 436 1113 cularum
459 1069 623 1114 numeros.

294 1194 296 1201 ‘
378 1174 443 1239 Sed
467 1175 564 1245 huius
588 1176 715 1257 generis
738 1177 864 1243 cantica
881 1177 1018 1241 Athenis
1035 1177 1171 1243 solemni
1187 1177 1333 1260 quadarn
1349 1180 1472 1241 aucto·

289 1300 384 1375 ritate
408 1301 579 1365 florebant.
619 1301 655 1363 In
678 1303 870 1366 memoriam
894 1303 980 1367 enim
1003 1301 1164 1384 Erigonae
1188 1296 1351 1381 (Ἀλῆτις),
1376 1322 1471 1384 quae

289 1426 390 1491 vitam
410 1426 599 1509 suspendio
628 1427 791 1505 amiserat,
823 1427 1038 1492 Athenienses
1062 1428 1237 1509 quotannis
1261 1426 1362 1490 festos
1394 1426 1471 1490 dies

290 1551 442 1631 agebant,
474 1551 592 1633 quibus
621 1570 731 1634 pupae
760 1551 887 1634 laqueis
917 1568 1096 1634 suspensae
1119 1551 1258 1616 oscillari
1285 1547 1470 1615 solebant.¹
1558 1610 1559 1627 ,

290 1675 397 1753 Quam
420 1676 651 1741 caerimoniam
676 1677 838 1741 cantilena
861 1677 1016 1759 quadam,
1041 1695 1126 1760 quae
1149 1674 1256 1752 ἀλῆτις
1279 1679 1469 1752 vocaretur,

290 1821 361 1867 esse
385 1803 546 1878 ornatam,
570 1800 605 1864 bi
628 1801 688 1867 viri
709 1803 896 1865 testanturt'
911 1801 1158 1885 Athenaeus
1180 1802 1201 1865 l.
1219 1822 1245 1865 s,
1261 1822 1294 1883 p.
1308 1801 1399 1864 alae
1424 1797 1469 1874 ἤν

289 1925 395 1990 δὲκαὶ
419 1925 468 1988 ἐπὶ
491 1929 559 2003 ταῖς
575 1923 705 2004 αἰώραις
724 1945 769 2003 τις
786 1924 835 1988 ἐπ’
852 1918 1011 2008 Ἠριγόνῃ,
1035 1925 1074 2002 ἣν
1097 1926 1147 1988 καὶ
1170 1924 1276 2002 ἀλῆτιν
1299 1925 1468 1998 λέγουσιν,

290 2052 371 2136 ᾡδή;
406 2051 554 2116 Pollux
577 2051 619 2114 IV
635 2052 692 2116 55:
727 2049 767 2127 ἦν
782 2044 832 2113 'bt
861 2070 890 2113 τι
919 2050 968 2113 καὶ
998 2048 1103 2127 ἀλῆτις
1126 2048 1214 2130 ᾆσμα
1236 2050 1305 2125 ταῖς
1328 2046 1469 2125 αἰώραις

290 2175 550 2259 προσᾳδόμενον;
574 2176 668 2240 simil.
693 2175 780 2253 Hes,
806 2175 912 2252 Phoc,
937 2175 1038 2254 Suid.,
1062 2176 1111 2240 ut.
1128 2174 1170 2239 M.

322 2340 325 2343 ·
379 2302 426 2367 De
456 2301 727 2367 balneatorum
757 2301 926 2367 cantilenis
949 2301 1177 2366 Athenaeus
1199 2300 1264 2363 lc.
1288 2319 1321 2381 p.
1346 2298 1468 2362 blaa:

290 2426 339 2488 καὶ
367 2426 529 2505 βαλανέων
552 2423 649 2500 ἄλλαι,
682 2424 727 2502 ὡς
756 2423 879 2505 Κράτης
911 2425 945 2488 ἐν
969 2425 1102 2504 Τόλμαις
1135 2423 1251 2506 (1141,
1275 2425 1374 2488 aaa
1397 2420 1467 2505 K).

430 2636 474 2722 ἈΟ
493 2656 576 2721 miser
594 2657 676 2725 inque
695 2656 751 2711 dies
769 2657 840 2710 ultra
862 2656 951 2719 miser,
971 2655 1070 2711 hucine
1089 2672 1180 2710 rerum
1240 2680 1243 2685 ·

290 2751 293 2760 ’
450 2740 594 2811 venimus?
612 2758 637 2821 a,
657 2738 705 2811 cur
723 2742 779 2811 non
799 2752 888 2825 potiu's
906 2761 1055 2825 teneroque
1074 2756 1200 2809 columbo
1284 2748 1288 2755 ’

392 2838 394 2843 ‚
451 2861 477 2910 et
496 2856 591 2910 similis
609 2872 704 2923 regum
723 2856 814 2924 pueris
832 2855 1106 2924 pappareminutum

452 2955 540 3023 poscis
558 2958 585 3008 et
603 2955 687 3007 iratus
706 2971 842 3007 mammae
858 2954 952 3011 lallare
970 2953 1096 3010 recusas?

289 3088 334 3143 Ad
347 3107 373 3143 r.
389 3091 429 3143 16.
453 3090 620 3143 scholam:
646 3089 787 3142 columbos
806 3088 903 3141 melius
921 3104 1020 3156 pueros
1044 3087 1201 3154 intellegere
1226 3090 1274 3149 est,
1301 3103 1369 3154 quos
1395 3104 1469 3155 quae

293 3187 417 3239 nutriunt
435 3186 604 3240 blandientes
623 3185 764 3259 columbos
782 3190 810 3261 et
828 3185 916 3254 pullos
935 3190 961 3239 et
979 3201 1101 3253 passeres
1121 3189 1228 3238 vocant.
1260 3188 1307 3237 aut
1335 3200 1384 3236 our
1409 3200 1468 3237 uon

293 3284 533 3361 commanducatus
556 3283 631 3336 cibos
650 3282 736 3351 possis
754 3287 802 3335 aut
820 3298 869 3335 cur
886 3298 942 3335 non
961 3281 1073 3336 nutricis
1091 3283 1166 3336 iussu
1188 3282 1307 3336 dormire
1333 3282 1468 3350 ploranda

292 3384 420 3439 recusas?
457 3378 526 3453 quae
550 3383 708 3448 infantibus,
732 3389 762 3438 ut
787 3385 933 3449 dormiant,
957 3401 1037 3452 saepe
1055 3383 1144 3437 dicere
1162 3367 1250 3437 solent
1277 3382 1363 3449 ‚lalla‚
1383 3383 1464 3437 lalla‘

292 3484 319 3537 id
333 3489 373 3538 est
385 3488 431 3536 aut
444 3483 532 3536 dormi
546 3486 593 3536 aut
604 3483 682 3535 lacta.
702 3482 774 3548 quod
787 3482 863 3548 quasi
877 3481 938 3534 irati
957 3482 1074 3535 infantes
1087 3481 1191 3534 nolunt.
1211 3512 1244 3519 -
1264 3480 1359 3534 Ct'W.
1372 3480 1468 3534 Cors-

293 3601 365 3648 sen,
391 3584 516 3651 Origines
538 3583 711 3651 poesRom.
737 3582 833 3647 (Berol.
857 3582 941 3647 lala),
970 3599 995 3650 p.
1018 3582 1076 3646 160,
1105 3581 1150 3650 qui
1173 3581 1290 3649 scripsit:
1318 3581 1382 3634 lalla
1404 3580 1470 3634 lalla

293 3683 356 3737 lalla
373 3688 420 3736 aut
438 3681 526 3736 dormi
549 3687 596 3735 aut
614 3682 696 3745 lacta;
722 3698 754 3734 ac
773 3682 843 3735 bene
862 3681 979 3749 quidem,
999 3697 1063 3734 nam
1082 3680 1120 3733 sic
1139 3681 1266 3746 leguntur
1284 3680 1408 3734 numeri:

674 3807 1022 3898 malalai

726 3960 1021 4052 nillil

295 4087 347 4153 Qui
366 4092 504 4141 motorum
522 4087 711 4140 bracchiorum
730 4085 774 4138 vel
787 4084 986 4138 cunabulorum
1004 4083 1159 4151 aequabiles
1177 4099 1306 4136 numeros
1323 4099 1390 4136 sane
1408 4082 1469 4137 imi·

295 4190 395 4239 tantur.
682 4221 686 4227 «
974 4216 977 4222 -
1050 4215 1052 4219 -

386 4284 395 4315 ¹
415 4284 453 4338 Cf.
475 4281 623 4338 Wentzel
639 4281 668 4335 in
681 4283 919 4366 Pauly-Wicsowo
937 4280 1206 4347 Realcacyclopcedie
1218 4279 1238 4340 Ι,
1252 4295 1277 4346 ρ.
1290 4279 1359 4330 1043
1374 4278 1468 4334 Aiora.
