3159 4942
599 250 816 316 ..35-

116 466 186 526 tem
209 461 400 547 priusquam
423 460 655 535 examinemus,
690 459 724 523 in
746 459 835 541 ipsas
862 457 1174 535 ἱστουργούντων
1202 477 1295 521 can-

119 585 264 650 tilenas
288 585 500 666 inquiramus,
1218 575 1221 581 ’

212 708 259 774 De
282 709 381 773 nendi
408 711 440 772 et
467 706 597 772 texendi
620 707 717 771 variis
745 706 882 787 negotiis
913 707 941 770 si
971 707 1181 789 antiquorum
1203 707 1294 771 test‘·

116 828 248 898 monia¹
277 833 460 912 contuleris,
495 835 557 898 hoc
591 853 710 898 munus
745 833 923 915 antiquitus
952 832 1080 897 feminis
1115 833 1293 914 gerendum

117 961 219 1024 fuisse
243 955 435 1041 intelleges8
472 940 643 1023 Mulierum
667 963 776 1023 autem
799 959 892 1023 lanas
908 959 1109 1023 trahentium
1129 959 1293 1041 quaedam

118 1088 300 1152 cantilenae
317 1107 337 1150 a
353 1085 484 1150 Graecis
501 1085 711 1168 scriptoribus
727 1081 976 1150 ιιιοιαονειιιίιιν.8
1005 1086 1102 1149 Velut
1121 1085 1187 1149 iam
1203 1085 1293 1166 apud

118 1213 299 1276 Homerum
312 1208 396 1292 .(Od.
418 1231 433 1274 ε
455 1231 485 1275 ν.
503 1211 542 1274 61
571 1230 642 1294 sqq.
667 1207 716 1290 L.)
741 1210 781 1274 de
805 1209 1002 1293 Calypsone:

441 1379 459 1456 ἢ
483 1373 512 1441 δ’
537 1378 632 1443 ἔνδον
655 1371 832 1442 ἀοιδιάουσ’
857 1378 911 1441 ὀπὶ
933 1382 1019 1461 καλῇ,

280 1504 371 1568 ἱστὸν
395 1505 579 1584 ἐποιχομένη
602 1504 729 1587 χρυσείῃ
753 1498 865 1582 κερκίδ’
889 1502 1057 1583 ύφαινεν,

113 1679 153 1769 Ιοἱ
176 1672 305 1758 (Odyss.
330 1695 348 1737 κ
371 1674 437 1739 rao
461 1694 532 1757 sqq.
558 1670 606 1755 L.)
631 1674 671 1738 de
695 1672 801 1738 Circa:

279 1834 377 1899 ἔσταν
400 1827 429 1898 δ’
453 1835 487 1898 ἐν
511 1834 704 1913 προθύροισι
726 1838 806 1912 θεᾶς
828 1834 1097 1912 καλλιπλοκάμοιο,

281 1958 390 2038 Κίρκης
413 1952 441 2022 δ’
466 1958 560 2022 ἔνδον
583 1957 702 2024 ἄκουον
726 1958 896 2038 ἀειδούσης
919 1958 972 2021 ὀπὶ
995 1962 1081 2041 καλῇ,

279 2085 371 2150 ἱστὸν
395 2085 599 2165 ἐποιχομένης
621 2085 727 2162 μέγαν,
752 2065 922 2164 ἄμβροτον,
946 2084 998 2148 oia
1020 2086 1130 2150 θεάων

210 2260 219 2293 ¹
238 2262 359 2329 V.-llug.
378 2260 555 2315 Bluemner
572 2260 590 2313 l.
603 2277 624 2313 s.
637 2259 657 2323 l,
676 2277 702 2328 p.
716 2260 751 2312 96
769 2275 827 2326 sqq.

210 2366 221 2397 2
240 2360 413 2429 Quamquam
430 2358 577 2413 Lucretii
596 2358 701 2412 obsistit
719 2358 852 2412 sententia
871 2358 910 2422 (V,
933 2359 1021 2424 laam:

280 2488 307 2538 et
324 2484 413 2538 faeere
432 2488 496 2538 ante
514 2483 587 2536 viros
605 2483 696 2537 lanam
715 2485 814 2535 natura
832 2483 919 2549 coegit

281 2597 364 2648 quam
382 2579 515 2634 muliebre
533 2595 629 2646 genus:
649 2595 714 2633 nam
731 2578 813 2646 longe
832 2580 996 2647 praestatio
1015 2585 1072 2634 arte
1166 2626 1169 2632 ,

281 2683 308 2733 et
326 2678 461 2732 sollertius
479 2682 519 2732 est
537 2678 623 2731 multo
643 2693 727 2745 genus
746 2695 828 2732 omne
847 2678 932 2732 virile.

120 2804 150 2857 V.
170 2803 347 2858 Bluemner
364 2804 382 2856 l.
396 2821 426 2868 s,
446 2820 472 2874 p.
487 2805 529 2857 99.

129 2911 132 2915 ’
217 2909 228 2941 ³
246 2903 285 2957 Ex
303 2903 527 2961 Romanorum
546 2901 707 2957 testimoniis
725 2901 793 2956 baec
811 2902 961 2985 alligentur.
992 2901 1144 2956 Tibullus
1162 2902 1187 2955 ll
1202 2902 1225 2965 1,
1244 2903 1290 2955 61:

284 3030 358 3083 Rure
376 3030 458 3084 etiam
476 3030 576 3084 teneris
594 3046 688 3083 curam
707 3028 860 3083 exhibitura
878 3026 975 3097 puellis

336 3129 416 3183 Molle
435 3129 502 3196 gerit
520 3127 595 3194 tergo
613 3127 702 3182 lueida
720 3127 808 3182 vellus
826 3128 892 3193 ovis,

281 3227 352 3281 Hinc
371 3231 397 3281 et
415 3226 548 3281 femineus
566 3226 644 3279 labor
662 3230 710 3291 est,
729 3226 794 3280 hinc
812 3242 896 3295 pensa
915 3226 1051 3295 colusque,

334 3325 420 3378 Fusus
439 3328 465 3379 ct
483 3325 605 3392 adposito
624 3322 721 3392 pollice
739 3327 829 3378 versat
847 3340 924 3391 opus.

280 3423 369 3494 Atque
387 3423 478 3492 aliqua
497 3423 625 3477 adsiduae
643 3423 742 3476 textrix
761 3426 871 3491 operata
889 3421 1026 3476 Minervae

334 3522 437 3586 Cantat,
457 3525 483 3576 et
502 3521 632 3589 adplauso
650 3521 705 3576 tela
723 3525 804 3575 sonat
820 3522 911 3576 latere.

121 3640 287 3716 Vergilius
306 3648 401 3716 Georg.
420 3647 432 3702 l
451 3649 500 3702 291
522 3666 574 3717 sq:

279 3775 384 3830 interea
400 3774 514 3841 longum
532 3778 613 3828 cantu
632 3773 718 3828 solata
735 3749 857 3829 laborem

280 3877 376 3940 arguto
396 3873 515 3930 coniunx
533 3874 665 3943 percurrit
682 3875 788 3943 pectine
807 3874 881 3928 telas.

120 3998 185 4052 Sim.
198 3997 294 4066 Georg.
306 3999 342 4053 IV
354 3999 415 4053 435.

211 4097 363 4163 Ovidius,
382 4098 462 4153 Trist.
475 4097 511 4151 lV
525 4099 548 4164 1,
570 4098 615 4152 13:

280 4222 415 4276 cantantis
433 4221 541 4290 pariter,
561 4222 662 4290 pariter
679 4222 741 4275 date
759 4238 845 4290 pensa
863 4222 995 4277 trahentis

334 4320 435 4374 fallitur
452 4320 567 4375 ancillae
584 4320 768 4390 decipiturque
786 4320 871 4375 labor.
953 4390 955 4393 ι
1062 4375 1065 4378 ,
